%% This BibTeX bibliography file was created using BibDesk.
%% https://bibdesk.sourceforge.io/

%% Created for Zikun Yang at 2022-05-07 14:19:27 -0400 


%% Saved with string encoding Unicode (UTF-8) 



@article{weissbrod2020functionally,
	author = {Weissbrod, Omer and Hormozdiari, Farhad and Benner, Christian and Cui, Ran and Ulirsch, Jacob and Gazal, Steven and Schoech, Armin P and Van De Geijn, Bryce and Reshef, Yakir and M{\'a}rquez-Luna, Carla and others},
	date-added = {2022-05-07 14:19:26 -0400},
	date-modified = {2022-05-07 14:19:26 -0400},
	journal = {Nature Genetics},
	pages = {1--9},
	publisher = {Nature Publishing Group},
	title = {Functionally informed fine-mapping and polygenic localization of complex trait heritability},
	year = {2020},
	bdsk-file-1 = {YnBsaXN0MDDSAQIDBFxyZWxhdGl2ZVBhdGhZYWxpYXNEYXRhXxCULi4vLi4vTWVldGluZ19Qcm9mLkl1bGlhbmEvRmluZS1tYXBwaW5nL1BhcGVyX3Jldmlldy9GdW5jdGlvbmFsbHkgaW5mb3JtZWQgZmluZS1tYXBwaW5nIGFuZCBwb2x5Z2VuaWMgbG9jYWxpemF0aW9uIG9mIGNvbXBsZXggdHJhaXQgaGVyaXRhYmlsaXR5LnBkZk8RAuoAAAAAAuoAAgAADE1hY2ludG9zaCBIRAAAAAAAAAAAAAAAAAAAAAAAAABCRAAB/////x9GdW5jdGlvbmFsbHkgaW5mb3IjRkZGRkZGRkYucGRmAAAAAAAAAAAAAAAAAAAAAAAAAAAAAAAAAAAAAAAAAAD/////AAAAAAAAAAAAAAAAAAIABAAACiBjdQAAAAAAAAAAAAAAAAAMUGFwZXJfcmV2aWV3AAIApS86VXNlcnM6bGlhbTpEb2N1bWVudHM6TWVldGluZ19Qcm9mLkl1bGlhbmE6RmluZS1tYXBwaW5nOlBhcGVyX3JldmlldzpGdW5jdGlvbmFsbHkgaW5mb3JtZWQgZmluZS1tYXBwaW5nIGFuZCBwb2x5Z2VuaWMgbG9jYWxpemF0aW9uIG9mIGNvbXBsZXggdHJhaXQgaGVyaXRhYmlsaXR5LnBkZgAADgDAAF8ARgB1AG4AYwB0AGkAbwBuAGEAbABsAHkAIABpAG4AZgBvAHIAbQBlAGQAIABmAGkAbgBlAC0AbQBhAHAAcABpAG4AZwAgAGEAbgBkACAAcABvAGwAeQBnAGUAbgBpAGMAIABsAG8AYwBhAGwAaQB6AGEAdABpAG8AbgAgAG8AZgAgAGMAbwBtAHAAbABlAHgAIAB0AHIAYQBpAHQAIABoAGUAcgBpAHQAYQBiAGkAbABpAHQAeQAuAHAAZABmAA8AGgAMAE0AYQBjAGkAbgB0AG8AcwBoACAASABEABIAo1VzZXJzL2xpYW0vRG9jdW1lbnRzL01lZXRpbmdfUHJvZi5JdWxpYW5hL0ZpbmUtbWFwcGluZy9QYXBlcl9yZXZpZXcvRnVuY3Rpb25hbGx5IGluZm9ybWVkIGZpbmUtbWFwcGluZyBhbmQgcG9seWdlbmljIGxvY2FsaXphdGlvbiBvZiBjb21wbGV4IHRyYWl0IGhlcml0YWJpbGl0eS5wZGYAABMAAS8AABUAAgAL//8AAAAIAA0AGgAkALsAAAAAAAACAQAAAAAAAAAFAAAAAAAAAAAAAAAAAAADqQ==}}

@article{yang2021semisupervised,
	author = {Yang, Zikun and Wang, Chen and Erjavec, Stephanie and Petukhova, Lynn and Christiano, Angela and Ionita-Laza, Iuliana},
	date-added = {2022-05-07 14:19:17 -0400},
	date-modified = {2022-05-07 14:19:17 -0400},
	journal = {Bioinformatics},
	number = {14},
	pages = {1953-1962},
	title = {A semisupervised model to predict regulatory effects of genetic variants at single nucleotide resolution using massively parallel reporter assays},
	volume = {37},
	year = {2021},
	bdsk-file-1 = {YnBsaXN0MDDSAQIDBFxyZWxhdGl2ZVBhdGhZYWxpYXNEYXRhXxDKLi4vLi4vTWVldGluZ19Qcm9mLkl1bGlhbmEvRmluZS1tYXBwaW5nL1BhcGVyX3Jldmlldy9BIHNlbWlzdXBlcnZpc2VkIG1vZGVsIHRvIHByZWRpY3QgcmVndWxhdG9yeSBlZmZlY3RzIG9mIGdlbmV0aWMgdmFyaWFudHMgYXQgc2luZ2xlIG51Y2xlb3RpZGUgcmVzb2x1dGlvbiB1c2luZyBtYXNzaXZlbHkgcGFyYWxsZWwgcmVwb3J0ZXIgYXNzYXlzLnBkZk8RA8IAAAAAA8IAAgAADE1hY2ludG9zaCBIRAAAAAAAAAAAAAAAAAAAAAAAAABCRAAB/////x9BIHNlbWlzdXBlcnZpc2VkIG0jRkZGRkZGRkYucGRmAAAAAAAAAAAAAAAAAAAAAAAAAAAAAAAAAAAAAAAAAAD/////AAAAAAAAAAAAAAAAAAIABAAACiBjdQAAAAAAAAAAAAAAAAAMUGFwZXJfcmV2aWV3AAIA2y86VXNlcnM6bGlhbTpEb2N1bWVudHM6TWVldGluZ19Qcm9mLkl1bGlhbmE6RmluZS1tYXBwaW5nOlBhcGVyX3JldmlldzpBIHNlbWlzdXBlcnZpc2VkIG1vZGVsIHRvIHByZWRpY3QgcmVndWxhdG9yeSBlZmZlY3RzIG9mIGdlbmV0aWMgdmFyaWFudHMgYXQgc2luZ2xlIG51Y2xlb3RpZGUgcmVzb2x1dGlvbiB1c2luZyBtYXNzaXZlbHkgcGFyYWxsZWwgcmVwb3J0ZXIgYXNzYXlzLnBkZgAADgEsAJUAQQAgAHMAZQBtAGkAcwB1AHAAZQByAHYAaQBzAGUAZAAgAG0AbwBkAGUAbAAgAHQAbwAgAHAAcgBlAGQAaQBjAHQAIAByAGUAZwB1AGwAYQB0AG8AcgB5ACAAZQBmAGYAZQBjAHQAcwAgAG8AZgAgAGcAZQBuAGUAdABpAGMAIAB2AGEAcgBpAGEAbgB0AHMAIABhAHQAIABzAGkAbgBnAGwAZQAgAG4AdQBjAGwAZQBvAHQAaQBkAGUAIAByAGUAcwBvAGwAdQB0AGkAbwBuACAAdQBzAGkAbgBnACAAbQBhAHMAcwBpAHYAZQBsAHkAIABwAGEAcgBhAGwAbABlAGwAIAByAGUAcABvAHIAdABlAHIAIABhAHMAcwBhAHkAcwAuAHAAZABmAA8AGgAMAE0AYQBjAGkAbgB0AG8AcwBoACAASABEABIA2VVzZXJzL2xpYW0vRG9jdW1lbnRzL01lZXRpbmdfUHJvZi5JdWxpYW5hL0ZpbmUtbWFwcGluZy9QYXBlcl9yZXZpZXcvQSBzZW1pc3VwZXJ2aXNlZCBtb2RlbCB0byBwcmVkaWN0IHJlZ3VsYXRvcnkgZWZmZWN0cyBvZiBnZW5ldGljIHZhcmlhbnRzIGF0IHNpbmdsZSBudWNsZW90aWRlIHJlc29sdXRpb24gdXNpbmcgbWFzc2l2ZWx5IHBhcmFsbGVsIHJlcG9ydGVyIGFzc2F5cy5wZGYAABMAAS8AABUAAgAL//8AAAAIAA0AGgAkAPEAAAAAAAACAQAAAAAAAAAFAAAAAAAAAAAAAAAAAAAEtw==}}

@article{kircher2014general,
	author = {Kircher, Martin and Witten, Daniela M and Jain, Preti and O'roak, Brian J and Cooper, Gregory M and Shendure, Jay},
	date-added = {2022-05-07 14:19:07 -0400},
	date-modified = {2022-05-07 14:19:07 -0400},
	journal = {Nature genetics},
	number = {3},
	pages = {310--315},
	publisher = {Nature Publishing Group},
	title = {A general framework for estimating the relative pathogenicity of human genetic variants},
	volume = {46},
	year = {2014}}

@article{fachal2020fine,
	author = {Fachal, Laura and Aschard, Hugues and Beesley, Jonathan and Barnes, Daniel R and Allen, Jamie and Kar, Siddhartha and Pooley, Karen A and Dennis, Joe and Michailidou, Kyriaki and Turman, Constance and others},
	date-added = {2022-05-07 14:16:34 -0400},
	date-modified = {2022-05-07 14:16:34 -0400},
	journal = {Nature genetics},
	number = {1},
	pages = {56--73},
	publisher = {Nature Publishing Group},
	title = {Fine-mapping of 150 breast cancer risk regions identifies 191 likely target genes},
	volume = {52},
	year = {2020},
	bdsk-file-1 = {YnBsaXN0MDDSAQIDBFxyZWxhdGl2ZVBhdGhZYWxpYXNEYXRhXxBVLi4vLi4vLi4vRHJvcGJveC9Qcmlvcl9pbmZvL0ZJTkVNQVBQSU5HL1BhcGVyX3Jldmlldy9GaW5lLW1hcHBpbmcgQnJlYXN0IENhbmNlci0xLnBkZk8RAdQAAAAAAdQAAgAADE1hY2ludG9zaCBIRAAAAAAAAAAAAAAAAAAAAAAAAABCRAAB/////x9GaW5lLW1hcHBpbmcgQnJlYXMjRkZGRkZGRkYucGRmAAAAAAAAAAAAAAAAAAAAAAAAAAAAAAAAAAAAAAAAAAD/////AAAAAAAAAAAAAAAAAAMABQAACiBjdQAAAAAAAAAAAAAAAAAMUGFwZXJfcmV2aWV3AAIAWS86VXNlcnM6bGlhbTpEcm9wYm94OlByaW9yX2luZm86RklORU1BUFBJTkc6UGFwZXJfcmV2aWV3OkZpbmUtbWFwcGluZyBCcmVhc3QgQ2FuY2VyLTEucGRmAAAOAEIAIABGAGkAbgBlAC0AbQBhAHAAcABpAG4AZwAgAEIAcgBlAGEAcwB0ACAAQwBhAG4AYwBlAHIALQAxAC4AcABkAGYADwAaAAwATQBhAGMAaQBuAHQAbwBzAGgAIABIAEQAEgBXVXNlcnMvbGlhbS9Ecm9wYm94L1ByaW9yX2luZm8vRklORU1BUFBJTkcvUGFwZXJfcmV2aWV3L0ZpbmUtbWFwcGluZyBCcmVhc3QgQ2FuY2VyLTEucGRmAAATAAEvAAAVAAIAC///AAAACAANABoAJAB8AAAAAAAAAgEAAAAAAAAABQAAAAAAAAAAAAAAAAAAAlQ=}}

@article{dimitromanolakis2019sim1000g,
	author = {Dimitromanolakis, Apostolos and Xu, Jingxiong and Krol, Agnieszka and Briollais, Laurent},
	date-added = {2022-05-07 14:16:19 -0400},
	date-modified = {2022-05-07 14:16:19 -0400},
	journal = {BMC bioinformatics},
	number = {1},
	pages = {26},
	publisher = {Springer},
	title = {sim1000G: a user-friendly genetic variant simulator in R for unrelated individuals and family-based designs},
	volume = {20},
	year = {2019}}

@article{castillo2012needles,
	author = {Castillo, Isma{\"e}l and van der Vaart, Aad and others},
	date-added = {2022-05-07 14:13:59 -0400},
	date-modified = {2022-05-07 14:13:59 -0400},
	journal = {The Annals of Statistics},
	number = {4},
	pages = {2069--2101},
	publisher = {Institute of Mathematical Statistics},
	title = {Needles and straw in a haystack: Posterior concentration for possibly sparse sequences},
	volume = {40},
	year = {2012},
	bdsk-file-1 = {YnBsaXN0MDDSAQIDBFxyZWxhdGl2ZVBhdGhZYWxpYXNEYXRhXxCPLi4vLi4vLi4vRHJvcGJveC9Qcmlvcl9pbmZvL0ZJTkVNQVBQSU5HL1BhcGVyX3Jldmlldy9OZWVkbGVzIGFuZCBzdHJhdyBpbiBhIGhheXN0YWNrLSBQb3N0ZXJpb3IgY29uY2VudHJhdGlvbiBmb3IgcG9zc2libHkgc3BhcnNlIHNlcXVlbmNlcy5wZGZPEQK8AAAAAAK8AAIAAAxNYWNpbnRvc2ggSEQAAAAAAAAAAAAAAAAAAAAAAAAAQkQAAf////8fTmVlZGxlcyBhbmQgc3RyYXcgI0ZGRkZGRkZGLnBkZgAAAAAAAAAAAAAAAAAAAAAAAAAAAAAAAAAAAAAAAAAA/////wAAAAAAAAAAAAAAAAADAAUAAAogY3UAAAAAAAAAAAAAAAAADFBhcGVyX3JldmlldwACAJMvOlVzZXJzOmxpYW06RHJvcGJveDpQcmlvcl9pbmZvOkZJTkVNQVBQSU5HOlBhcGVyX3JldmlldzpOZWVkbGVzIGFuZCBzdHJhdyBpbiBhIGhheXN0YWNrLSBQb3N0ZXJpb3IgY29uY2VudHJhdGlvbiBmb3IgcG9zc2libHkgc3BhcnNlIHNlcXVlbmNlcy5wZGYAAA4AtgBaAE4AZQBlAGQAbABlAHMAIABhAG4AZAAgAHMAdAByAGEAdwAgAGkAbgAgAGEAIABoAGEAeQBzAHQAYQBjAGsALQAgAFAAbwBzAHQAZQByAGkAbwByACAAYwBvAG4AYwBlAG4AdAByAGEAdABpAG8AbgAgAGYAbwByACAAcABvAHMAcwBpAGIAbAB5ACAAcwBwAGEAcgBzAGUAIABzAGUAcQB1AGUAbgBjAGUAcwAuAHAAZABmAA8AGgAMAE0AYQBjAGkAbgB0AG8AcwBoACAASABEABIAkVVzZXJzL2xpYW0vRHJvcGJveC9Qcmlvcl9pbmZvL0ZJTkVNQVBQSU5HL1BhcGVyX3Jldmlldy9OZWVkbGVzIGFuZCBzdHJhdyBpbiBhIGhheXN0YWNrLSBQb3N0ZXJpb3IgY29uY2VudHJhdGlvbiBmb3IgcG9zc2libHkgc3BhcnNlIHNlcXVlbmNlcy5wZGYAABMAAS8AABUAAgAL//8AAAAIAA0AGgAkALYAAAAAAAACAQAAAAAAAAAFAAAAAAAAAAAAAAAAAAADdg==}}

@article{womack2015model,
	author = {Womack, Andrew J and Fuentes, Claudio and Taylor-Rodriguez, Daniel},
	date-added = {2022-05-07 14:13:26 -0400},
	date-modified = {2022-05-07 14:13:26 -0400},
	journal = {arXiv preprint arXiv:1511.04745},
	title = {Model space priors for objective sparse Bayesian regression},
	year = {2015},
	bdsk-file-1 = {YnBsaXN0MDDSAQIDBFxyZWxhdGl2ZVBhdGhZYWxpYXNEYXRhXxB0Li4vLi4vTWVldGluZ19Qcm9mLkl1bGlhbmEvRmluZS1tYXBwaW5nL1BhcGVyX3Jldmlldy9Nb2RlbCBTcGFjZSBQcmlvcnMgZm9yIE9iamVjdGl2ZSBTcGFyc2UgQmF5ZXNpYW4gUmVncmVzc2lvbi5wZGZPEQJqAAAAAAJqAAIAAAxNYWNpbnRvc2ggSEQAAAAAAAAAAAAAAAAAAAAAAAAAQkQAAf////8fTW9kZWwgU3BhY2UgUHJpb3JzI0ZGRkZGRkZGLnBkZgAAAAAAAAAAAAAAAAAAAAAAAAAAAAAAAAAAAAAAAAAA/////wAAAAAAAAAAAAAAAAACAAQAAAogY3UAAAAAAAAAAAAAAAAADFBhcGVyX3JldmlldwACAIUvOlVzZXJzOmxpYW06RG9jdW1lbnRzOk1lZXRpbmdfUHJvZi5JdWxpYW5hOkZpbmUtbWFwcGluZzpQYXBlcl9yZXZpZXc6TW9kZWwgU3BhY2UgUHJpb3JzIGZvciBPYmplY3RpdmUgU3BhcnNlIEJheWVzaWFuIFJlZ3Jlc3Npb24ucGRmAAAOAIAAPwBNAG8AZABlAGwAIABTAHAAYQBjAGUAIABQAHIAaQBvAHIAcwAgAGYAbwByACAATwBiAGoAZQBjAHQAaQB2AGUAIABTAHAAYQByAHMAZQAgAEIAYQB5AGUAcwBpAGEAbgAgAFIAZQBnAHIAZQBzAHMAaQBvAG4ALgBwAGQAZgAPABoADABNAGEAYwBpAG4AdABvAHMAaAAgAEgARAASAINVc2Vycy9saWFtL0RvY3VtZW50cy9NZWV0aW5nX1Byb2YuSXVsaWFuYS9GaW5lLW1hcHBpbmcvUGFwZXJfcmV2aWV3L01vZGVsIFNwYWNlIFByaW9ycyBmb3IgT2JqZWN0aXZlIFNwYXJzZSBCYXllc2lhbiBSZWdyZXNzaW9uLnBkZgAAEwABLwAAFQACAAv//wAAAAgADQAaACQAmwAAAAAAAAIBAAAAAAAAAAUAAAAAAAAAAAAAAAAAAAMJ}}

@article{wang2019simple,
	author = {Wang, Gao and Sarkar, Abhishek K and Carbonetto, Peter and Stephens, Matthew},
	date-added = {2022-05-07 14:12:52 -0400},
	date-modified = {2022-05-07 14:12:52 -0400},
	journal = {Journal of the Royal Statistical Society: Series B (Statistical Methodology)},
	number = {5},
	pages = {1273--1300},
	publisher = {Cold Spring Harbor Laboratory},
	title = {A simple new approach to variable selection in regression, with application to genetic fine-mapping},
	volume = {82},
	year = {2020},
	bdsk-file-1 = {YnBsaXN0MDDSAQIDBFxyZWxhdGl2ZVBhdGhZYWxpYXNEYXRhbxCaAC4ALgAvAC4ALgAvAC4ALgAvAEQAcgBvAHAAYgBvAHgALwBQAHIAaQBvAHIAXwBpAG4AZgBvAC8ARgBJAE4ARQBNAEEAUABQAEkATgBHAC8AUABhAHAAZQByAF8AcgBlAHYAaQBlAHcALwBBACAAcwBpAG0AcABsAGUAIABuAGUAdwAgAGEAcABwAHIAbwBhAGMAaAAgAHQAbwAgAHYAYQByAGkAYQBiAGwAZQAgAHMAZQBsAGUAYwB0AGkAbwBuACAAaQBuAHIAZQBnAHIAZQBzAHMAaQBvAG4ALAAgAHcAaQB0AGgAIABhAHAAcABsAGkAYwBhAHQAaQBvAG4AIAB0AG8AIABnAGUAbgBlAHQAaQBjACD7AQBuAGUAIABtAGEAcABwAGkAbgBnAC4AcABkAGZPEQLqAAAAAALqAAIAAAxNYWNpbnRvc2ggSEQAAAAAAAAAAAAAAAAAAAAAAAAAQkQAAf////8fQSBzaW1wbGUgbmV3IGFwcHJvI0ZGRkZGRkZGLnBkZgAAAAAAAAAAAAAAAAAAAAAAAAAAAAAAAAAAAAAAAAAA/////wAAAAAAAAAAAAAAAAADAAUAAAogY3UAAAAAAAAAAAAAAAAADFBhcGVyX3JldmlldwACAKAvOlVzZXJzOmxpYW06RHJvcGJveDpQcmlvcl9pbmZvOkZJTkVNQVBQSU5HOlBhcGVyX3JldmlldzpBIHNpbXBsZSBuZXcgYXBwcm9hY2ggdG8gdmFyaWFibGUgc2VsZWN0aW9uIGlucmVncmVzc2lvbiwgd2l0aCBhcHBsaWNhdGlvbiB0byBnZW5ldGljIO+sgW5lIG1hcHBpbmcucGRmAA4AzABlAEEAIABzAGkAbQBwAGwAZQAgAG4AZQB3ACAAYQBwAHAAcgBvAGEAYwBoACAAdABvACAAdgBhAHIAaQBhAGIAbABlACAAcwBlAGwAZQBjAHQAaQBvAG4AIABpAG4AcgBlAGcAcgBlAHMAcwBpAG8AbgAsACAAdwBpAHQAaAAgAGEAcABwAGwAaQBjAGEAdABpAG8AbgAgAHQAbwAgAGcAZQBuAGUAdABpAGMAIPsBAG4AZQAgAG0AYQBwAHAAaQBuAGcALgBwAGQAZgAPABoADABNAGEAYwBpAG4AdABvAHMAaAAgAEgARAASAJ5Vc2Vycy9saWFtL0Ryb3Bib3gvUHJpb3JfaW5mby9GSU5FTUFQUElORy9QYXBlcl9yZXZpZXcvQSBzaW1wbGUgbmV3IGFwcHJvYWNoIHRvIHZhcmlhYmxlIHNlbGVjdGlvbiBpbnJlZ3Jlc3Npb24sIHdpdGggYXBwbGljYXRpb24gdG8gZ2VuZXRpYyDvrIFuZSBtYXBwaW5nLnBkZgATAAEvAAAVAAIAC///AAAACAANABoAJAFbAAAAAAAAAgEAAAAAAAAABQAAAAAAAAAAAAAAAAAABEk=}}

@article{kichaev2017improved,
	author = {Kichaev, Gleb and Roytman, Megan and Johnson, Ruth and Eskin, Eleazar and Lindstroem, Sara and Kraft, Peter and Pasaniuc, Bogdan},
	date-added = {2022-05-04 18:24:59 -0400},
	date-modified = {2022-05-04 18:24:59 -0400},
	journal = {Bioinformatics},
	number = {2},
	pages = {248--255},
	publisher = {Oxford University Press},
	title = {Improved methods for multi-trait fine mapping of pleiotropic risk loci},
	volume = {33},
	year = {2017},
	bdsk-file-1 = {YnBsaXN0MDDSAQIDBFxyZWxhdGl2ZVBhdGhZYWxpYXNEYXRhXxCMLi4vLi4vLi4vRHJvcGJveC9Qcmlvcl9pbmZvL0ZJTkVNQVBQSU5HL1JlcG9ydC9SZWFsX2RhdGFfYW5sYXlzaXMvaW1wcm92ZWQgbWV0aG9kcyBmb3IgbXVsdGktdHJhaXQgZmluZSBtYXBwaW5nIG9mIHBsZWlvdHJvcGljIHJpc2sgbG9jaS5wZGZPEQKaAAAAAAKaAAIAAAxNYWNpbnRvc2ggSEQAAAAAAAAAAAAAAAAAAAAAAAAAQkQAAf////8faW1wcm92ZWQgbWV0aG9kcyBmI0ZGRkZGRkZGLnBkZgAAAAAAAAAAAAAAAAAAAAAAAAAAAAAAAAAAAAAAAAAA/////wAAAAAAAAAAAAAAAAADAAYAAAogY3UAAAAAAAAAAAAAAAAAElJlYWxfZGF0YV9hbmxheXNpcwACAJAvOlVzZXJzOmxpYW06RHJvcGJveDpQcmlvcl9pbmZvOkZJTkVNQVBQSU5HOlJlcG9ydDpSZWFsX2RhdGFfYW5sYXlzaXM6aW1wcm92ZWQgbWV0aG9kcyBmb3IgbXVsdGktdHJhaXQgZmluZSBtYXBwaW5nIG9mIHBsZWlvdHJvcGljIHJpc2sgbG9jaS5wZGYADgCWAEoAaQBtAHAAcgBvAHYAZQBkACAAbQBlAHQAaABvAGQAcwAgAGYAbwByACAAbQB1AGwAdABpAC0AdAByAGEAaQB0ACAAZgBpAG4AZQAgAG0AYQBwAHAAaQBuAGcAIABvAGYAIABwAGwAZQBpAG8AdAByAG8AcABpAGMAIAByAGkAcwBrACAAbABvAGMAaQAuAHAAZABmAA8AGgAMAE0AYQBjAGkAbgB0AG8AcwBoACAASABEABIAjlVzZXJzL2xpYW0vRHJvcGJveC9Qcmlvcl9pbmZvL0ZJTkVNQVBQSU5HL1JlcG9ydC9SZWFsX2RhdGFfYW5sYXlzaXMvaW1wcm92ZWQgbWV0aG9kcyBmb3IgbXVsdGktdHJhaXQgZmluZSBtYXBwaW5nIG9mIHBsZWlvdHJvcGljIHJpc2sgbG9jaS5wZGYAEwABLwAAFQACAAv//wAAAAgADQAaACQAswAAAAAAAAIBAAAAAAAAAAUAAAAAAAAAAAAAAAAAAANR}}

@article{schaid2018genome,
	author = {Schaid, Daniel J and Chen, Wenan and Larson, Nicholas B},
	date-added = {2022-05-03 15:10:54 -0400},
	date-modified = {2022-05-03 15:10:54 -0400},
	journal = {Nature Reviews Genetics},
	number = {8},
	pages = {491--504},
	publisher = {Nature Publishing Group},
	title = {From genome-wide associations to candidate causal variants by statistical fine-mapping},
	volume = {19},
	year = {2018},
	bdsk-file-1 = {YnBsaXN0MDDSAQIDBFxyZWxhdGl2ZVBhdGhZYWxpYXNEYXRhXxCPLi4vLi4vTWVldGluZ19Qcm9mLkl1bGlhbmEvRmluZS1tYXBwaW5nL1BhcGVyX3Jldmlldy9Gcm9tIGdlbm9tZS13aWRlIGFzc29jaWF0aW9ucyB0byBjYW5kaWRhdGUgY2F1c2FsIHZhcmlhbnRzIGJ5IHN0YXRpc3RpY2FsIGZpbmUtbWFwcGluZy5wZGZPEQLUAAAAAALUAAIAAAxNYWNpbnRvc2ggSEQAAAAAAAAAAAAAAAAAAAAAAAAAQkQAAf////8fRnJvbSBnZW5vbWUtd2lkZSBhI0ZGRkZGRkZGLnBkZgAAAAAAAAAAAAAAAAAAAAAAAAAAAAAAAAAAAAAAAAAA/////wAAAAAAAAAAAAAAAAACAAQAAAogY3UAAAAAAAAAAAAAAAAADFBhcGVyX3JldmlldwACAKAvOlVzZXJzOmxpYW06RG9jdW1lbnRzOk1lZXRpbmdfUHJvZi5JdWxpYW5hOkZpbmUtbWFwcGluZzpQYXBlcl9yZXZpZXc6RnJvbSBnZW5vbWUtd2lkZSBhc3NvY2lhdGlvbnMgdG8gY2FuZGlkYXRlIGNhdXNhbCB2YXJpYW50cyBieSBzdGF0aXN0aWNhbCBmaW5lLW1hcHBpbmcucGRmAA4AtgBaAEYAcgBvAG0AIABnAGUAbgBvAG0AZQAtAHcAaQBkAGUAIABhAHMAcwBvAGMAaQBhAHQAaQBvAG4AcwAgAHQAbwAgAGMAYQBuAGQAaQBkAGEAdABlACAAYwBhAHUAcwBhAGwAIAB2AGEAcgBpAGEAbgB0AHMAIABiAHkAIABzAHQAYQB0AGkAcwB0AGkAYwBhAGwAIABmAGkAbgBlAC0AbQBhAHAAcABpAG4AZwAuAHAAZABmAA8AGgAMAE0AYQBjAGkAbgB0AG8AcwBoACAASABEABIAnlVzZXJzL2xpYW0vRG9jdW1lbnRzL01lZXRpbmdfUHJvZi5JdWxpYW5hL0ZpbmUtbWFwcGluZy9QYXBlcl9yZXZpZXcvRnJvbSBnZW5vbWUtd2lkZSBhc3NvY2lhdGlvbnMgdG8gY2FuZGlkYXRlIGNhdXNhbCB2YXJpYW50cyBieSBzdGF0aXN0aWNhbCBmaW5lLW1hcHBpbmcucGRmABMAAS8AABUAAgAL//8AAAAIAA0AGgAkALYAAAAAAAACAQAAAAAAAAAFAAAAAAAAAAAAAAAAAAADjg==}}

@article{jansen2019genome,
	author = {Jansen, Iris E and Savage, Jeanne E and Watanabe, Kyoko and Bryois, Julien and Williams, Dylan M and Steinberg, Stacy and Sealock, Julia and Karlsson, Ida K and H{\"a}gg, Sara and Athanasiu, Lavinia and others},
	date-added = {2022-05-03 14:00:08 -0400},
	date-modified = {2022-05-03 14:00:08 -0400},
	journal = {Nature genetics},
	number = {3},
	pages = {404--413},
	publisher = {Nature Publishing Group},
	title = {Genome-wide meta-analysis identifies new loci and functional pathways influencing Alzheimer's disease risk},
	volume = {51},
	year = {2019},
	bdsk-file-1 = {YnBsaXN0MDDSAQIDBFxyZWxhdGl2ZVBhdGhZYWxpYXNEYXRhbxCjAC4ALgAvAC4ALgAvAE0AZQBlAHQAaQBuAGcAXwBQAHIAbwBmAC4ASQB1AGwAaQBhAG4AYQAvAEYAaQBuAGUALQBtAGEAcABwAGkAbgBnAC8AUABhAHAAZQByAF8AcgBlAHYAaQBlAHcALwBHAGUAbgBvAG0AZQAtAHcAaQBkAGUAIABtAGUAdABhAC0AYQBuAGEAbAB5AHMAaQBzACAAaQBkAGUAbgB0AGkAZgBpAGUAcwAgAG4AZQB3ACAAbABvAGMAaQAgAGEAbgBkACAAZgB1AG4AYwB0AGkAbwBuAGEAbAAgAHAAYQB0AGgAdwBhAHkAcwAgAGkAbgBmAGwAdQBlAG4AYwBpAG4AZwAgAEEAbAB6AGgAZQBpAG0AZQByIBkAcwAgAGQAaQBzAGUAYQBzAGUAIAByAGkAcwBrAC4AcABkAGZPEQMoAAAAAAMoAAIAAAxNYWNpbnRvc2ggSEQAAAAAAAAAAAAAAAAAAAAAAAAAQkQAAf////8fR2Vub21lLXdpZGUgbWV0YS1hI0ZGRkZGRkZGLnBkZgAAAAAAAAAAAAAAAAAAAAAAAAAAAAAAAAAAAAAAAAAA/////wAAAAAAAAAAAAAAAAACAAQAAAogY3UAAAAAAAAAAAAAAAAADFBhcGVyX3JldmlldwACALYvOlVzZXJzOmxpYW06RG9jdW1lbnRzOk1lZXRpbmdfUHJvZi5JdWxpYW5hOkZpbmUtbWFwcGluZzpQYXBlcl9yZXZpZXc6R2Vub21lLXdpZGUgbWV0YS1hbmFseXNpcyBpZGVudGlmaWVzIG5ldyBsb2NpIGFuZCBmdW5jdGlvbmFsIHBhdGh3YXlzIGluZmx1ZW5jaW5nIEFsemhlaW1lcuKAmXMgZGlzZWFzZSByaXNrLnBkZgAOAN4AbgBHAGUAbgBvAG0AZQAtAHcAaQBkAGUAIABtAGUAdABhAC0AYQBuAGEAbAB5AHMAaQBzACAAaQBkAGUAbgB0AGkAZgBpAGUAcwAgAG4AZQB3ACAAbABvAGMAaQAgAGEAbgBkACAAZgB1AG4AYwB0AGkAbwBuAGEAbAAgAHAAYQB0AGgAdwBhAHkAcwAgAGkAbgBmAGwAdQBlAG4AYwBpAG4AZwAgAEEAbAB6AGgAZQBpAG0AZQByIBkAcwAgAGQAaQBzAGUAYQBzAGUAIAByAGkAcwBrAC4AcABkAGYADwAaAAwATQBhAGMAaQBuAHQAbwBzAGgAIABIAEQAEgC0VXNlcnMvbGlhbS9Eb2N1bWVudHMvTWVldGluZ19Qcm9mLkl1bGlhbmEvRmluZS1tYXBwaW5nL1BhcGVyX3Jldmlldy9HZW5vbWUtd2lkZSBtZXRhLWFuYWx5c2lzIGlkZW50aWZpZXMgbmV3IGxvY2kgYW5kIGZ1bmN0aW9uYWwgcGF0aHdheXMgaW5mbHVlbmNpbmcgQWx6aGVpbWVy4oCZcyBkaXNlYXNlIHJpc2sucGRmABMAAS8AABUAAgAL//8AAAAIAA0AGgAkAW0AAAAAAAACAQAAAAAAAAAFAAAAAAAAAAAAAAAAAAAEmQ==}}

@inproceedings{carvalho2009handling,
	author = {Carvalho, Carlos M and Polson, Nicholas G and Scott, James G},
	booktitle = {AISTATS},
	date-added = {2022-05-03 11:34:07 -0400},
	date-modified = {2022-05-03 11:34:07 -0400},
	pages = {73--80},
	title = {Handling Sparsity via the Horseshoe.},
	volume = {5},
	year = {2009},
	bdsk-file-1 = {YnBsaXN0MDDSAQIDBFxyZWxhdGl2ZVBhdGhZYWxpYXNEYXRhXxAlLi4vLi4vTW9kZWxfc2VsZWN0aW9uL2NhcnZhbGhvMDlhLnBkZk8RAW4AAAAAAW4AAgAADE1hY2ludG9zaCBIRAAAAAAAAAAAAAAAAAAAAAAAAABCRAAB/////w9jYXJ2YWxobzA5YS5wZGYAAAAAAAAAAAAAAAAAAAAAAAAAAAAAAAAAAAAAAAAAAAAAAAAAAAAAAAAAAAAAAAD/////AAAAAAAAAAAAAAAAAAIAAgAACiBjdQAAAAAAAAAAAAAAAAAPTW9kZWxfc2VsZWN0aW9uAAACADYvOlVzZXJzOmxpYW06RG9jdW1lbnRzOk1vZGVsX3NlbGVjdGlvbjpjYXJ2YWxobzA5YS5wZGYADgAgAA8AYwBhAHIAdgBhAGwAaABvADAAOQBhAC4AcABkAGYADwAaAAwATQBhAGMAaQBuAHQAbwBzAGgAIABIAEQAEgA0VXNlcnMvbGlhbS9Eb2N1bWVudHMvTW9kZWxfc2VsZWN0aW9uL2NhcnZhbGhvMDlhLnBkZgATAAEvAAAVAAIAC///AAAACAANABoAJABMAAAAAAAAAgEAAAAAAAAABQAAAAAAAAAAAAAAAAAAAb4=}}

@article{lee2015method,
	author = {Lee, Dongwon and Gorkin, David U and Baker, Maggie and Strober, Benjamin J and Asoni, Alessandro L and McCallion, Andrew S and Beer, Michael A},
	date-added = {2020-02-09 09:37:03 -0500},
	date-modified = {2020-02-09 09:37:03 -0500},
	journal = {Nature genetics},
	number = {8},
	pages = {955},
	publisher = {Nature Publishing Group},
	title = {A method to predict the impact of regulatory variants from DNA sequence},
	volume = {47},
	year = {2015}}

@article{ionita2016spectral,
	author = {Ionita-Laza, Iuliana and McCallum, Kenneth and Xu, Bin and Buxbaum, Joseph D},
	date-added = {2020-02-09 09:31:03 -0500},
	date-modified = {2020-02-09 09:31:03 -0500},
	journal = {Nature genetics},
	number = {2},
	pages = {214},
	publisher = {Nature Publishing Group},
	title = {A spectral approach integrating functional genomic annotations for coding and noncoding variants},
	volume = {48},
	year = {2016}}

@inproceedings{jain2017recovering,
	author = {Jain, Shantanu and White, Martha and Radivojac, Predrag},
	booktitle = {Thirty-First AAAI Conference on Artificial Intelligence},
	date-added = {2020-02-03 11:46:28 -0500},
	date-modified = {2020-02-03 11:46:28 -0500},
	title = {Recovering true classifier performance in positive-unlabeled learning},
	year = {2017},
	bdsk-file-1 = {YnBsaXN0MDDSAQIDBFxyZWxhdGl2ZVBhdGhZYWxpYXNEYXRhXxBfLi4vLi4vUGFwZXJzL0Jpb1N0YXRzL1JlY292ZXJpbmcgVHJ1ZSBDbGFzc2lmaWVyIFBlcmZvcm1hbmNlIGluIFBvc2l0aXZlLVVubGFiZWxlZCBMZWFybmluZy5wZGZPEQJOAAAAAAJOAAIAAAxNYWNpbnRvc2ggSEQAAAAAAAAAAAAAAAAAAAAAAAAAQkQAAf////8fUmVjb3ZlcmluZyBUcnVlIENsI0ZGRkZGRkZGLnBkZgAAAAAAAAAAAAAAAAAAAAAAAAAAAAAAAAAAAAAAAAAA/////wAAAAAAAAAAAAAAAAACAAMAAAogY3UAAAAAAAAAAAAAAAAACEJpb1N0YXRzAAIAcC86VXNlcnM6bGlhbTpEb2N1bWVudHM6UGFwZXJzOkJpb1N0YXRzOlJlY292ZXJpbmcgVHJ1ZSBDbGFzc2lmaWVyIFBlcmZvcm1hbmNlIGluIFBvc2l0aXZlLVVubGFiZWxlZCBMZWFybmluZy5wZGYADgCUAEkAUgBlAGMAbwB2AGUAcgBpAG4AZwAgAFQAcgB1AGUAIABDAGwAYQBzAHMAaQBmAGkAZQByACAAUABlAHIAZgBvAHIAbQBhAG4AYwBlACAAaQBuACAAUABvAHMAaQB0AGkAdgBlAC0AVQBuAGwAYQBiAGUAbABlAGQAIABMAGUAYQByAG4AaQBuAGcALgBwAGQAZgAPABoADABNAGEAYwBpAG4AdABvAHMAaAAgAEgARAASAG5Vc2Vycy9saWFtL0RvY3VtZW50cy9QYXBlcnMvQmlvU3RhdHMvUmVjb3ZlcmluZyBUcnVlIENsYXNzaWZpZXIgUGVyZm9ybWFuY2UgaW4gUG9zaXRpdmUtVW5sYWJlbGVkIExlYXJuaW5nLnBkZgATAAEvAAAVAAIAC///AAAACAANABoAJACGAAAAAAAAAgEAAAAAAAAABQAAAAAAAAAAAAAAAAAAAtg=}}

@inproceedings{davis2006relationship,
	author = {Davis, Jesse and Goadrich, Mark},
	booktitle = {Proceedings of the 23rd international conference on Machine learning},
	date-added = {2020-02-03 11:45:33 -0500},
	date-modified = {2020-02-03 11:45:33 -0500},
	pages = {233--240},
	title = {The relationship between Precision-Recall and ROC curves},
	year = {2006},
	bdsk-file-1 = {YnBsaXN0MDDSAQIDBFxyZWxhdGl2ZVBhdGhZYWxpYXNEYXRhXxBSLi4vLi4vUGFwZXJzL0Jpb1N0YXRzL1RoZSBSZWxhdGlvbnNoaXAgQmV0d2VlbiBQcmVjaXNpb24tUmVjYWxsIGFuZCBST0MgQ3VydmVzLnBkZk8RAhwAAAAAAhwAAgAADE1hY2ludG9zaCBIRAAAAAAAAAAAAAAAAAAAAAAAAABCRAAB/////x9UaGUgUmVsYXRpb25zaGlwIEIjRkZGRkZGRkYucGRmAAAAAAAAAAAAAAAAAAAAAAAAAAAAAAAAAAAAAAAAAAD/////AAAAAAAAAAAAAAAAAAIAAwAACiBjdQAAAAAAAAAAAAAAAAAIQmlvU3RhdHMAAgBjLzpVc2VyczpsaWFtOkRvY3VtZW50czpQYXBlcnM6QmlvU3RhdHM6VGhlIFJlbGF0aW9uc2hpcCBCZXR3ZWVuIFByZWNpc2lvbi1SZWNhbGwgYW5kIFJPQyBDdXJ2ZXMucGRmAAAOAHoAPABUAGgAZQAgAFIAZQBsAGEAdABpAG8AbgBzAGgAaQBwACAAQgBlAHQAdwBlAGUAbgAgAFAAcgBlAGMAaQBzAGkAbwBuAC0AUgBlAGMAYQBsAGwAIABhAG4AZAAgAFIATwBDACAAQwB1AHIAdgBlAHMALgBwAGQAZgAPABoADABNAGEAYwBpAG4AdABvAHMAaAAgAEgARAASAGFVc2Vycy9saWFtL0RvY3VtZW50cy9QYXBlcnMvQmlvU3RhdHMvVGhlIFJlbGF0aW9uc2hpcCBCZXR3ZWVuIFByZWNpc2lvbi1SZWNhbGwgYW5kIFJPQyBDdXJ2ZXMucGRmAAATAAEvAAAVAAIAC///AAAACAANABoAJAB5AAAAAAAAAgEAAAAAAAAABQAAAAAAAAAAAAAAAAAAApk=}}

@article{lei2019cross,
	author = {Lei, Jing},
	date-added = {2020-01-20 16:48:40 -0500},
	date-modified = {2020-01-20 16:48:40 -0500},
	journal = {Journal of the American Statistical Association},
	pages = {1--20},
	publisher = {Taylor \& Francis},
	title = {Cross-validation with confidence},
	year = {2019},
	bdsk-file-1 = {YnBsaXN0MDDSAQIDBFxyZWxhdGl2ZVBhdGhZYWxpYXNEYXRhXxAkQ3Jvc3MgVmFsaWRhdGlvbiBXaXRoIENvbmZpZGVuY2UucGRmTxEBxAAAAAABxAACAAAMTWFjaW50b3NoIEhEAAAAAAAAAAAAAAAAAAAAAAAAAEJEAAH/////H0Nyb3NzIFZhbGlkYXRpb24gVyNGRkZGRkZGRi5wZGYAAAAAAAAAAAAAAAAAAAAAAAAAAAAAAAAAAAAAAAAAAP////8AAAAAAAAAAAAAAAAAAQACAAAKIGN1AAAAAAAAAAAAAAAAAAhCaW9TdGF0cwACAFAvOlVzZXJzOnppa3VueWFuZzpEb2N1bWVudHM6UGFwZXJzOkJpb1N0YXRzOkNyb3NzIFZhbGlkYXRpb24gV2l0aCBDb25maWRlbmNlLnBkZgAOAEoAJABDAHIAbwBzAHMAIABWAGEAbABpAGQAYQB0AGkAbwBuACAAVwBpAHQAaAAgAEMAbwBuAGYAaQBkAGUAbgBjAGUALgBwAGQAZgAPABoADABNAGEAYwBpAG4AdABvAHMAaAAgAEgARAASAE5Vc2Vycy96aWt1bnlhbmcvRG9jdW1lbnRzL1BhcGVycy9CaW9TdGF0cy9Dcm9zcyBWYWxpZGF0aW9uIFdpdGggQ29uZmlkZW5jZS5wZGYAEwABLwAAFQACABD//wAAAAgADQAaACQASwAAAAAAAAIBAAAAAAAAAAUAAAAAAAAAAAAAAAAAAAIT}}

@article{hui2017joint,
	author = {Hui, Francis KC and M{\"u}ller, Samuel and Welsh, AH},
	date-added = {2020-01-20 16:40:33 -0500},
	date-modified = {2020-01-20 16:40:33 -0500},
	journal = {Journal of the American Statistical Association},
	number = {519},
	pages = {1323--1333},
	publisher = {Taylor \& Francis},
	title = {Joint selection in mixed models using regularized PQL},
	volume = {112},
	year = {2017},
	bdsk-file-1 = {YnBsaXN0MDDSAQIDBFxyZWxhdGl2ZVBhdGhZYWxpYXNEYXRhXxBPLi4vLi4vUGFwZXJzL0Jpb1N0YXRzL0pvaW50IFNlbGVjdGlvbiBpbiBNaXhlZCBNb2RlbHMgdXNpbmcgUmVndWxhcml6ZWQgUFFMLnBkZk8RAg4AAAAAAg4AAgAADE1hY2ludG9zaCBIRAAAAAAAAAAAAAAAAAAAAAAAAABCRAAB/////x9Kb2ludCBTZWxlY3Rpb24gaW4jRkZGRkZGRkYucGRmAAAAAAAAAAAAAAAAAAAAAAAAAAAAAAAAAAAAAAAAAAD/////AAAAAAAAAAAAAAAAAAIAAwAACiBjdQAAAAAAAAAAAAAAAAAIQmlvU3RhdHMAAgBgLzpVc2VyczpsaWFtOkRvY3VtZW50czpQYXBlcnM6QmlvU3RhdHM6Sm9pbnQgU2VsZWN0aW9uIGluIE1peGVkIE1vZGVscyB1c2luZyBSZWd1bGFyaXplZCBQUUwucGRmAA4AdAA5AEoAbwBpAG4AdAAgAFMAZQBsAGUAYwB0AGkAbwBuACAAaQBuACAATQBpAHgAZQBkACAATQBvAGQAZQBsAHMAIAB1AHMAaQBuAGcAIABSAGUAZwB1AGwAYQByAGkAegBlAGQAIABQAFEATAAuAHAAZABmAA8AGgAMAE0AYQBjAGkAbgB0AG8AcwBoACAASABEABIAXlVzZXJzL2xpYW0vRG9jdW1lbnRzL1BhcGVycy9CaW9TdGF0cy9Kb2ludCBTZWxlY3Rpb24gaW4gTWl4ZWQgTW9kZWxzIHVzaW5nIFJlZ3VsYXJpemVkIFBRTC5wZGYAEwABLwAAFQACAAv//wAAAAgADQAaACQAdgAAAAAAAAIBAAAAAAAAAAUAAAAAAAAAAAAAAAAAAAKI}}

@article{tewhey2016direct,
	author = {Tewhey, Ryan and Kotliar, Dylan and Park, Daniel S and Liu, Brandon and Winnicki, Sarah and Reilly, Steven K and Andersen, Kristian G and Mikkelsen, Tarjei S and Lander, Eric S and Schaffner, Stephen F and others},
	date-added = {2020-01-14 09:27:05 -0500},
	date-modified = {2020-01-14 09:27:05 -0500},
	journal = {Cell},
	number = {6},
	pages = {1519--1529},
	publisher = {Elsevier},
	title = {Direct identification of hundreds of expression-modulating variants using a multiplexed reporter assay},
	volume = {165},
	year = {2016}}

@article{zhou2015predicting,
	author = {Zhou, Jian and Troyanskaya, Olga G},
	date-added = {2020-01-08 11:54:04 -0500},
	date-modified = {2020-01-08 11:54:04 -0500},
	journal = {Nature methods},
	number = {10},
	pages = {931},
	publisher = {Nature Publishing Group},
	title = {Predicting effects of noncoding variants with deep learning--based sequence model},
	volume = {12},
	year = {2015},
	bdsk-file-1 = {YnBsaXN0MDDSAQIDBFxyZWxhdGl2ZVBhdGhZYWxpYXNEYXRhbxBqAC4ALgAvAC4ALgAvAFAAYQBwAGUAcgBzAC8AQgBpAG8AUwB0AGEAdABzAC8AUAByAGUAZABpAGMAdABpAG4AZwAgAGUAZgBmAGUAYwB0AHMAIABvAGYAIABuAG8AbgBjAG8AZABpAG4AZwAgAHYAYQByAGkAYQBuAHQAcwAgAHcAaQB0AGgAIABkAGUAZQBwACAAbABlAGEAcgBuAGkAbgBnIBMAYgBhAHMAZQBkACAAcwBlAHEAdQBlAG4AYwBlACAAbQBvAGQAZQBsAC4AcABkAGZPEQKAAAAAAAKAAAIAAAxNYWNpbnRvc2ggSEQAAAAAAAAAAAAAAAAAAAAAAAAAQkQAAf////8fUHJlZGljdGluZyBlZmZlY3RzI0ZGRkZGRkZGLnBkZgAAAAAAAAAAAAAAAAAAAAAAAAAAAAAAAAAAAAAAAAAA/////wAAAAAAAAAAAAAAAAACAAMAAAogY3UAAAAAAAAAAAAAAAAACEJpb1N0YXRzAAIAfS86VXNlcnM6bGlhbTpEb2N1bWVudHM6UGFwZXJzOkJpb1N0YXRzOlByZWRpY3RpbmcgZWZmZWN0cyBvZiBub25jb2RpbmcgdmFyaWFudHMgd2l0aCBkZWVwIGxlYXJuaW5n4oCTYmFzZWQgc2VxdWVuY2UgbW9kZWwucGRmAAAOAKoAVABQAHIAZQBkAGkAYwB0AGkAbgBnACAAZQBmAGYAZQBjAHQAcwAgAG8AZgAgAG4AbwBuAGMAbwBkAGkAbgBnACAAdgBhAHIAaQBhAG4AdABzACAAdwBpAHQAaAAgAGQAZQBlAHAAIABsAGUAYQByAG4AaQBuAGcgEwBiAGEAcwBlAGQAIABzAGUAcQB1AGUAbgBjAGUAIABtAG8AZABlAGwALgBwAGQAZgAPABoADABNAGEAYwBpAG4AdABvAHMAaAAgAEgARAASAHtVc2Vycy9saWFtL0RvY3VtZW50cy9QYXBlcnMvQmlvU3RhdHMvUHJlZGljdGluZyBlZmZlY3RzIG9mIG5vbmNvZGluZyB2YXJpYW50cyB3aXRoIGRlZXAgbGVhcm5pbmfigJNiYXNlZCBzZXF1ZW5jZSBtb2RlbC5wZGYAABMAAS8AABUAAgAL//8AAAAIAA0AGgAkAPsAAAAAAAACAQAAAAAAAAAFAAAAAAAAAAAAAAAAAAADfw==}}

@article{tibshirani1996regression,
	author = {Tibshirani, Robert},
	date-added = {2019-12-18 10:57:47 -0500},
	date-modified = {2019-12-18 10:57:47 -0500},
	journal = {Journal of the Royal Statistical Society. Series B (Methodological)},
	pages = {267--288},
	publisher = {JSTOR},
	title = {Regression shrinkage and selection via the lasso},
	year = {1996},
	bdsk-file-1 = {YnBsaXN0MDDSAQIDBFxyZWxhdGl2ZVBhdGhZYWxpYXNEYXRhXxAfLi4vLi4vTW9kZWxfc2VsZWN0aW9uL2xhc3NvLnBkZk8RAWIAAAAAAWIAAgAADE1hY2ludG9zaCBIRAAAAAAAAAAAAAAAAAAAAAAAAABCRAAB/////wlsYXNzby5wZGYAAAAAAAAAAAAAAAAAAAAAAAAAAAAAAAAAAAAAAAAAAAAAAAAAAAAAAAAAAAAAAAAAAAAAAAD/////AAAAAAAAAAAAAAAAAAIAAgAACiBjdQAAAAAAAAAAAAAAAAAPTW9kZWxfc2VsZWN0aW9uAAACADUvOlVzZXJzOnppa3VueWFuZzpEb2N1bWVudHM6TW9kZWxfc2VsZWN0aW9uOmxhc3NvLnBkZgAADgAUAAkAbABhAHMAcwBvAC4AcABkAGYADwAaAAwATQBhAGMAaQBuAHQAbwBzAGgAIABIAEQAEgAzVXNlcnMvemlrdW55YW5nL0RvY3VtZW50cy9Nb2RlbF9zZWxlY3Rpb24vbGFzc28ucGRmAAATAAEvAAAVAAIAEP//AAAACAANABoAJABGAAAAAAAAAgEAAAAAAAAABQAAAAAAAAAAAAAAAAAAAaw=}}

@article{kircher2019saturation,
	author = {Kircher, Martin and Xiong, Chenling and Martin, Beth and Schubach, Max and Inoue, Fumitaka and Bell, Robert JA and Costello, Joseph F and Shendure, Jay and Ahituv, Nadav},
	date-added = {2019-12-12 13:18:32 -0500},
	date-modified = {2019-12-12 13:18:32 -0500},
	journal = {Nature communications},
	number = {1},
	pages = {1--15},
	publisher = {Nature Publishing Group},
	title = {Saturation mutagenesis of twenty disease-associated regulatory elements at single base-pair resolution},
	volume = {10},
	year = {2019}}

@article{buhlmann2010variable,
	author = {B{\"u}hlmann, Peter and Kalisch, Markus and Maathuis, Marloes H},
	date-added = {2019-11-27 15:04:06 -0500},
	date-modified = {2019-11-27 15:04:06 -0500},
	journal = {Biometrika},
	number = {2},
	pages = {261--278},
	publisher = {Oxford University Press},
	title = {Variable selection in high-dimensional linear models: partially faithful distributions and the PC-simple algorithm},
	volume = {97},
	year = {2010},
	bdsk-file-1 = {YnBsaXN0MDDSAQIDBFxyZWxhdGl2ZVBhdGhZYWxpYXNEYXRhXxAgLi4vLi4vUGFwZXJzL0Jpb1N0YXRzL2FzcTAwOC5wZGZPEQFUAAAAAAFUAAIAAAxNYWNpbnRvc2ggSEQAAAAAAAAAAAAAAAAAAAAAAAAAQkQAAf////8KYXNxMDA4LnBkZgAAAAAAAAAAAAAAAAAAAAAAAAAAAAAAAAAAAAAAAAAAAAAAAAAAAAAAAAAAAAAAAAAAAAAA/////wAAAAAAAAAAAAAAAAACAAMAAAogY3UAAAAAAAAAAAAAAAAACEJpb1N0YXRzAAIAMS86VXNlcnM6bGlhbTpEb2N1bWVudHM6UGFwZXJzOkJpb1N0YXRzOmFzcTAwOC5wZGYAAA4AFgAKAGEAcwBxADAAMAA4AC4AcABkAGYADwAaAAwATQBhAGMAaQBuAHQAbwBzAGgAIABIAEQAEgAvVXNlcnMvbGlhbS9Eb2N1bWVudHMvUGFwZXJzL0Jpb1N0YXRzL2FzcTAwOC5wZGYAABMAAS8AABUAAgAL//8AAAAIAA0AGgAkAEcAAAAAAAACAQAAAAAAAAAFAAAAAAAAAAAAAAAAAAABnw==}}

@article{wang2009forward,
	author = {Wang, Hansheng},
	date-added = {2019-11-27 15:02:19 -0500},
	date-modified = {2019-11-27 15:02:19 -0500},
	journal = {Journal of the American Statistical Association},
	number = {488},
	pages = {1512--1524},
	publisher = {Taylor \& Francis},
	title = {Forward regression for ultra-high dimensional variable screening},
	volume = {104},
	year = {2009},
	bdsk-file-1 = {YnBsaXN0MDDSAQIDBFxyZWxhdGl2ZVBhdGhZYWxpYXNEYXRhXxBaLi4vLi4vUGFwZXJzL0Jpb1N0YXRzL0ZvcndhcmQgUmVncmVzc2lvbiBmb3IgVWx0cmEgSGlnaCBEaW1lbnNpb25hbCBWYXJpYWJsZSBTY3JlZW5pbmcucGRmTxECPAAAAAACPAACAAAMTWFjaW50b3NoIEhEAAAAAAAAAAAAAAAAAAAAAAAAAEJEAAH/////H0ZvcndhcmQgUmVncmVzc2lvbiNGRkZGRkZGRi5wZGYAAAAAAAAAAAAAAAAAAAAAAAAAAAAAAAAAAAAAAAAAAP////8AAAAAAAAAAAAAAAAAAgADAAAKIGN1AAAAAAAAAAAAAAAAAAhCaW9TdGF0cwACAGsvOlVzZXJzOmxpYW06RG9jdW1lbnRzOlBhcGVyczpCaW9TdGF0czpGb3J3YXJkIFJlZ3Jlc3Npb24gZm9yIFVsdHJhIEhpZ2ggRGltZW5zaW9uYWwgVmFyaWFibGUgU2NyZWVuaW5nLnBkZgAADgCKAEQARgBvAHIAdwBhAHIAZAAgAFIAZQBnAHIAZQBzAHMAaQBvAG4AIABmAG8AcgAgAFUAbAB0AHIAYQAgAEgAaQBnAGgAIABEAGkAbQBlAG4AcwBpAG8AbgBhAGwAIABWAGEAcgBpAGEAYgBsAGUAIABTAGMAcgBlAGUAbgBpAG4AZwAuAHAAZABmAA8AGgAMAE0AYQBjAGkAbgB0AG8AcwBoACAASABEABIAaVVzZXJzL2xpYW0vRG9jdW1lbnRzL1BhcGVycy9CaW9TdGF0cy9Gb3J3YXJkIFJlZ3Jlc3Npb24gZm9yIFVsdHJhIEhpZ2ggRGltZW5zaW9uYWwgVmFyaWFibGUgU2NyZWVuaW5nLnBkZgAAEwABLwAAFQACAAv//wAAAAgADQAaACQAgQAAAAAAAAIBAAAAAAAAAAUAAAAAAAAAAAAAAAAAAALB}}

@article{liang2013bayesian,
	author = {Liang, Faming and Song, Qifan and Yu, Kai},
	date-added = {2019-11-27 10:35:09 -0500},
	date-modified = {2019-11-27 10:35:09 -0500},
	journal = {Journal of the American Statistical Association},
	number = {502},
	pages = {589--606},
	publisher = {Taylor \& Francis},
	title = {Bayesian subset modeling for high-dimensional generalized linear models},
	volume = {108},
	year = {2013},
	bdsk-file-1 = {YnBsaXN0MDDSAQIDBFxyZWxhdGl2ZVBhdGhZYWxpYXNEYXRhXxBhLi4vLi4vUGFwZXJzL0Jpb1N0YXRzL0JheWVzaWFuIFN1YnNldCBNb2RlbGluZyBmb3IgSGlnaCBEaW1lbnNpb25hbCBHZW5lcmFsaXplZCBMaW5lYXIgTW9kZWxzLnBkZk8RAlYAAAAAAlYAAgAADE1hY2ludG9zaCBIRAAAAAAAAAAAAAAAAAAAAAAAAABCRAAB/////x9CYXllc2lhbiBTdWJzZXQgTW8jRkZGRkZGRkYucGRmAAAAAAAAAAAAAAAAAAAAAAAAAAAAAAAAAAAAAAAAAAD/////AAAAAAAAAAAAAAAAAAIAAwAACiBjdQAAAAAAAAAAAAAAAAAIQmlvU3RhdHMAAgByLzpVc2VyczpsaWFtOkRvY3VtZW50czpQYXBlcnM6QmlvU3RhdHM6QmF5ZXNpYW4gU3Vic2V0IE1vZGVsaW5nIGZvciBIaWdoIERpbWVuc2lvbmFsIEdlbmVyYWxpemVkIExpbmVhciBNb2RlbHMucGRmAA4AmABLAEIAYQB5AGUAcwBpAGEAbgAgAFMAdQBiAHMAZQB0ACAATQBvAGQAZQBsAGkAbgBnACAAZgBvAHIAIABIAGkAZwBoACAARABpAG0AZQBuAHMAaQBvAG4AYQBsACAARwBlAG4AZQByAGEAbABpAHoAZQBkACAATABpAG4AZQBhAHIAIABNAG8AZABlAGwAcwAuAHAAZABmAA8AGgAMAE0AYQBjAGkAbgB0AG8AcwBoACAASABEABIAcFVzZXJzL2xpYW0vRG9jdW1lbnRzL1BhcGVycy9CaW9TdGF0cy9CYXllc2lhbiBTdWJzZXQgTW9kZWxpbmcgZm9yIEhpZ2ggRGltZW5zaW9uYWwgR2VuZXJhbGl6ZWQgTGluZWFyIE1vZGVscy5wZGYAEwABLwAAFQACAAv//wAAAAgADQAaACQAiAAAAAAAAAIBAAAAAAAAAAUAAAAAAAAAAAAAAAAAAALi}}

@article{fan2010sure,
	author = {Fan, Jianqing and Song, Rui and others},
	date-added = {2019-11-27 10:19:58 -0500},
	date-modified = {2019-11-27 10:19:58 -0500},
	journal = {The Annals of Statistics},
	number = {6},
	pages = {3567--3604},
	publisher = {Institute of Mathematical Statistics},
	title = {Sure independence screening in generalized linear models with NP-dimensionality},
	volume = {38},
	year = {2010},
	bdsk-file-1 = {YnBsaXN0MDDSAQIDBFxyZWxhdGl2ZVBhdGhZYWxpYXNEYXRhXxBpLi4vLi4vUGFwZXJzL0Jpb1N0YXRzL1NVUkUgSU5ERVBFTkRFTkNFIFNDUkVFTklORyBJTiBHRU5FUkFMSVpFRCBMSU5FQVIgTU9ERUxTIFdJVEggTlAtRElNRU5TSU9OQUxJVFkucGRmTxECdgAAAAACdgACAAAMTWFjaW50b3NoIEhEAAAAAAAAAAAAAAAAAAAAAAAAAEJEAAH/////H1NVUkUgSU5ERVBFTkRFTkNFICNGRkZGRkZGRi5wZGYAAAAAAAAAAAAAAAAAAAAAAAAAAAAAAAAAAAAAAAAAAP////8AAAAAAAAAAAAAAAAAAgADAAAKIGN1AAAAAAAAAAAAAAAAAAhCaW9TdGF0cwACAHovOlVzZXJzOmxpYW06RG9jdW1lbnRzOlBhcGVyczpCaW9TdGF0czpTVVJFIElOREVQRU5ERU5DRSBTQ1JFRU5JTkcgSU4gR0VORVJBTElaRUQgTElORUFSIE1PREVMUyBXSVRIIE5QLURJTUVOU0lPTkFMSVRZLnBkZgAOAKgAUwBTAFUAUgBFACAASQBOAEQARQBQAEUATgBEAEUATgBDAEUAIABTAEMAUgBFAEUATgBJAE4ARwAgAEkATgAgAEcARQBOAEUAUgBBAEwASQBaAEUARAAgAEwASQBOAEUAQQBSACAATQBPAEQARQBMAFMAIABXAEkAVABIACAATgBQAC0ARABJAE0ARQBOAFMASQBPAE4AQQBMAEkAVABZAC4AcABkAGYADwAaAAwATQBhAGMAaQBuAHQAbwBzAGgAIABIAEQAEgB4VXNlcnMvbGlhbS9Eb2N1bWVudHMvUGFwZXJzL0Jpb1N0YXRzL1NVUkUgSU5ERVBFTkRFTkNFIFNDUkVFTklORyBJTiBHRU5FUkFMSVpFRCBMSU5FQVIgTU9ERUxTIFdJVEggTlAtRElNRU5TSU9OQUxJVFkucGRmABMAAS8AABUAAgAL//8AAAAIAA0AGgAkAJAAAAAAAAACAQAAAAAAAAAFAAAAAAAAAAAAAAAAAAADCg==}}

@article{song2015split,
	author = {Song, Qifan and Liang, Faming},
	date-added = {2019-11-27 09:27:13 -0500},
	date-modified = {2019-11-27 09:27:13 -0500},
	journal = {Journal of the Royal Statistical Society: Series B (Statistical Methodology)},
	number = {5},
	pages = {947--972},
	publisher = {Wiley Online Library},
	title = {A split-and-merge Bayesian variable selection approach for ultrahigh dimensional regression},
	volume = {77},
	year = {2015},
	bdsk-file-1 = {YnBsaXN0MDDSAQIDBFxyZWxhdGl2ZVBhdGhZYWxpYXNEYXRhXxBeQSBzcGxpdC1hbmQtbWVyZ2UgQmF5ZXNpYW4gdmFyaWFibGUgc2VsZWN0aW9uYXBwcm9hY2ggZm9yIHVsdHJhaGlnaCBkaW1lbnNpb25hbCByZWdyZXNzaW9uLnBkZk8RAqwAAAAAAqwAAgAADE1hY2ludG9zaCBIRAAAAAAAAAAAAAAAAAAAAAAAAABCRAAB/////x9BIHNwbGl0LWFuZC1tZXJnZSAjRkZGRkZGRkYucGRmAAAAAAAAAAAAAAAAAAAAAAAAAAAAAAAAAAAAAAAAAAD/////AAAAAAAAAAAAAAAAAAEAAgAACiBjdQAAAAAAAAAAAAAAAAAIQmlvU3RhdHMAAgCKLzpVc2Vyczp6aWt1bnlhbmc6RG9jdW1lbnRzOlBhcGVyczpCaW9TdGF0czpBIHNwbGl0LWFuZC1tZXJnZSBCYXllc2lhbiB2YXJpYWJsZSBzZWxlY3Rpb25hcHByb2FjaCBmb3IgdWx0cmFoaWdoIGRpbWVuc2lvbmFsIHJlZ3Jlc3Npb24ucGRmAA4AvgBeAEEAIABzAHAAbABpAHQALQBhAG4AZAAtAG0AZQByAGcAZQAgAEIAYQB5AGUAcwBpAGEAbgAgAHYAYQByAGkAYQBiAGwAZQAgAHMAZQBsAGUAYwB0AGkAbwBuAGEAcABwAHIAbwBhAGMAaAAgAGYAbwByACAAdQBsAHQAcgBhAGgAaQBnAGgAIABkAGkAbQBlAG4AcwBpAG8AbgBhAGwAIAByAGUAZwByAGUAcwBzAGkAbwBuAC4AcABkAGYADwAaAAwATQBhAGMAaQBuAHQAbwBzAGgAIABIAEQAEgCIVXNlcnMvemlrdW55YW5nL0RvY3VtZW50cy9QYXBlcnMvQmlvU3RhdHMvQSBzcGxpdC1hbmQtbWVyZ2UgQmF5ZXNpYW4gdmFyaWFibGUgc2VsZWN0aW9uYXBwcm9hY2ggZm9yIHVsdHJhaGlnaCBkaW1lbnNpb25hbCByZWdyZXNzaW9uLnBkZgATAAEvAAAVAAIAEP//AAAACAANABoAJACFAAAAAAAAAgEAAAAAAAAABQAAAAAAAAAAAAAAAAAAAzU=}}

@article{fan2008sure,
	author = {Fan, Jianqing and Lv, Jinchi},
	date-added = {2019-11-25 10:33:56 -0500},
	date-modified = {2019-11-25 10:33:56 -0500},
	journal = {Journal of the Royal Statistical Society: Series B (Statistical Methodology)},
	number = {5},
	pages = {849--911},
	publisher = {Wiley Online Library},
	title = {Sure independence screening for ultrahigh dimensional feature space},
	volume = {70},
	year = {2008},
	bdsk-file-1 = {YnBsaXN0MDDSAQIDBFxyZWxhdGl2ZVBhdGhZYWxpYXNEYXRhXxBHU3VyZSBpbmRlcGVuZGVuY2Ugc2NyZWVuaW5nIGZvciB1bHRyYWhpZ2ggZGltZW5zaW9uYWwgZmVhdHVyZSBzcGFjZS5wZGZPEQJSAAAAAAJSAAIAAAxNYWNpbnRvc2ggSEQAAAAAAAAAAAAAAAAAAAAAAAAAQkQAAf////8fU3VyZSBpbmRlcGVuZGVuY2UgI0ZGRkZGRkZGLnBkZgAAAAAAAAAAAAAAAAAAAAAAAAAAAAAAAAAAAAAAAAAA/////wAAAAAAAAAAAAAAAAABAAIAAAogY3UAAAAAAAAAAAAAAAAACEJpb1N0YXRzAAIAcy86VXNlcnM6emlrdW55YW5nOkRvY3VtZW50czpQYXBlcnM6QmlvU3RhdHM6U3VyZSBpbmRlcGVuZGVuY2Ugc2NyZWVuaW5nIGZvciB1bHRyYWhpZ2ggZGltZW5zaW9uYWwgZmVhdHVyZSBzcGFjZS5wZGYAAA4AkABHAFMAdQByAGUAIABpAG4AZABlAHAAZQBuAGQAZQBuAGMAZQAgAHMAYwByAGUAZQBuAGkAbgBnACAAZgBvAHIAIAB1AGwAdAByAGEAaABpAGcAaAAgAGQAaQBtAGUAbgBzAGkAbwBuAGEAbAAgAGYAZQBhAHQAdQByAGUAIABzAHAAYQBjAGUALgBwAGQAZgAPABoADABNAGEAYwBpAG4AdABvAHMAaAAgAEgARAASAHFVc2Vycy96aWt1bnlhbmcvRG9jdW1lbnRzL1BhcGVycy9CaW9TdGF0cy9TdXJlIGluZGVwZW5kZW5jZSBzY3JlZW5pbmcgZm9yIHVsdHJhaGlnaCBkaW1lbnNpb25hbCBmZWF0dXJlIHNwYWNlLnBkZgAAEwABLwAAFQACABD//wAAAAgADQAaACQAbgAAAAAAAAIBAAAAAAAAAAUAAAAAAAAAAAAAAAAAAALE}}

@article{lange2000optimization,
	author = {Lange, Kenneth and Hunter, David R and Yang, Ilsoon},
	date-added = {2019-10-28 13:37:51 -0400},
	date-modified = {2019-10-28 13:37:51 -0400},
	journal = {Journal of computational and graphical statistics},
	number = {1},
	pages = {1--20},
	publisher = {Taylor \& Francis},
	title = {Optimization transfer using surrogate objective functions},
	volume = {9},
	year = {2000}}

@article{womack2019heavy,
	author = {Womack, Andrew and Yang, Zikun},
	date-added = {2019-10-25 10:52:30 -0400},
	date-modified = {2019-10-25 10:52:30 -0400},
	journal = {arXiv preprint arXiv:1903.00928},
	title = {Heavy Tailed Horseshoe Priors},
	year = {2019}}

@article{zou2007degrees,
	author = {Zou, Hui and Hastie, Trevor and Tibshirani, Robert and others},
	date-added = {2019-10-24 19:57:28 -0400},
	date-modified = {2019-10-24 19:57:28 -0400},
	journal = {The Annals of Statistics},
	number = {5},
	pages = {2173--2192},
	publisher = {Institute of Mathematical Statistics},
	title = {On the ``degrees of freedom'' of the lasso},
	volume = {35},
	year = {2007}}

@article{zou2005regularization,
	author = {Zou, Hui and Hastie, Trevor},
	date-added = {2019-10-24 17:50:37 -0400},
	date-modified = {2019-10-24 17:50:37 -0400},
	journal = {Journal of the royal statistical society: series B (statistical methodology)},
	number = {2},
	pages = {301--320},
	publisher = {Wiley Online Library},
	title = {Regularization and variable selection via the elastic net},
	volume = {67},
	year = {2005},
	bdsk-file-1 = {YnBsaXN0MDDSAQIDBFxyZWxhdGl2ZVBhdGhZYWxpYXNEYXRhXxBNLi4vLi4vTGlicmFyeS9SZWd1bGFyaXphdGlvbiBhbmQgdmFyaWFibGUgc2VsZWN0aW9uIHZpYSB0aGUgZWxhc3RpYyBuZXQtMS5wZGZPEQIWAAAAAAIWAAIAAAxNYWNpbnRvc2ggSEQAAAAAAAAAAAAAAAAAAAAAAAAAQkQAAf////8fUmVndWxhcml6YXRpb24gYW5kI0ZGRkZGRkZGLnBkZgAAAAAAAAAAAAAAAAAAAAAAAAAAAAAAAAAAAAAAAAAA/////wAAAAAAAAAAAAAAAAACAAIAAAogY3UAAAAAAAAAAAAAAAAAB0xpYnJhcnkAAAIAXi86VXNlcnM6bGlhbTpEb2N1bWVudHM6TGlicmFyeTpSZWd1bGFyaXphdGlvbiBhbmQgdmFyaWFibGUgc2VsZWN0aW9uIHZpYSB0aGUgZWxhc3RpYyBuZXQtMS5wZGYADgCAAD8AUgBlAGcAdQBsAGEAcgBpAHoAYQB0AGkAbwBuACAAYQBuAGQAIAB2AGEAcgBpAGEAYgBsAGUAIABzAGUAbABlAGMAdABpAG8AbgAgAHYAaQBhACAAdABoAGUAIABlAGwAYQBzAHQAaQBjACAAbgBlAHQALQAxAC4AcABkAGYADwAaAAwATQBhAGMAaQBuAHQAbwBzAGgAIABIAEQAEgBcVXNlcnMvbGlhbS9Eb2N1bWVudHMvTGlicmFyeS9SZWd1bGFyaXphdGlvbiBhbmQgdmFyaWFibGUgc2VsZWN0aW9uIHZpYSB0aGUgZWxhc3RpYyBuZXQtMS5wZGYAEwABLwAAFQACAAv//wAAAAgADQAaACQAdAAAAAAAAAIBAAAAAAAAAAUAAAAAAAAAAAAAAAAAAAKO}}

@article{simon2013sparse,
	author = {Simon, Noah and Friedman, Jerome and Hastie, Trevor and Tibshirani, Robert},
	date-added = {2019-10-24 17:00:17 -0400},
	date-modified = {2019-10-24 17:00:17 -0400},
	journal = {Journal of Computational and Graphical Statistics},
	number = {2},
	pages = {231--245},
	publisher = {Taylor \& Francis Group},
	title = {A sparse-group lasso},
	volume = {22},
	year = {2013},
	bdsk-file-1 = {YnBsaXN0MDDSAQIDBFxyZWxhdGl2ZVBhdGhZYWxpYXNEYXRhXxAYQSBTcGFyc2UgR3JvdXAgTGFzc28ucGRmTxEBlAAAAAABlAACAAAMTWFjaW50b3NoIEhEAAAAAAAAAAAAAAAAAAAAAAAAAEJEAAH/////GEEgU3BhcnNlIEdyb3VwIExhc3NvLnBkZgAAAAAAAAAAAAAAAAAAAAAAAAAAAAAAAAAAAAAAAAAAAAAAAAAAAP////8AAAAAAAAAAAAAAAAAAQACAAAKIGN1AAAAAAAAAAAAAAAAAAhCaW9TdGF0cwACAEQvOlVzZXJzOnppa3VueWFuZzpEb2N1bWVudHM6UGFwZXJzOkJpb1N0YXRzOkEgU3BhcnNlIEdyb3VwIExhc3NvLnBkZgAOADIAGABBACAAUwBwAGEAcgBzAGUAIABHAHIAbwB1AHAAIABMAGEAcwBzAG8ALgBwAGQAZgAPABoADABNAGEAYwBpAG4AdABvAHMAaAAgAEgARAASAEJVc2Vycy96aWt1bnlhbmcvRG9jdW1lbnRzL1BhcGVycy9CaW9TdGF0cy9BIFNwYXJzZSBHcm91cCBMYXNzby5wZGYAEwABLwAAFQACABD//wAAAAgADQAaACQAPwAAAAAAAAIBAAAAAAAAAAUAAAAAAAAAAAAAAAAAAAHX}}

@article{huang2010benefit,
	author = {Huang, Junzhou and Zhang, Tong and others},
	date-added = {2019-10-24 16:43:30 -0400},
	date-modified = {2019-10-24 16:43:30 -0400},
	journal = {The Annals of Statistics},
	number = {4},
	pages = {1978--2004},
	publisher = {Institute of Mathematical Statistics},
	title = {The benefit of group sparsity},
	volume = {38},
	year = {2010},
	bdsk-file-1 = {YnBsaXN0MDDSAQIDBFxyZWxhdGl2ZVBhdGhZYWxpYXNEYXRhXxAhVEhFIEJFTkVGSVQgT0YgR1JPVVAgU1BBUlNJVFkucGRmTxEBugAAAAABugACAAAMTWFjaW50b3NoIEhEAAAAAAAAAAAAAAAAAAAAAAAAAEJEAAH/////H1RIRSBCRU5FRklUIE9GIEdSTyNGRkZGRkZGRi5wZGYAAAAAAAAAAAAAAAAAAAAAAAAAAAAAAAAAAAAAAAAAAP////8AAAAAAAAAAAAAAAAAAQACAAAKIGN1AAAAAAAAAAAAAAAAAAhCaW9TdGF0cwACAE0vOlVzZXJzOnppa3VueWFuZzpEb2N1bWVudHM6UGFwZXJzOkJpb1N0YXRzOlRIRSBCRU5FRklUIE9GIEdST1VQIFNQQVJTSVRZLnBkZgAADgBEACEAVABIAEUAIABCAEUATgBFAEYASQBUACAATwBGACAARwBSAE8AVQBQACAAUwBQAEEAUgBTAEkAVABZAC4AcABkAGYADwAaAAwATQBhAGMAaQBuAHQAbwBzAGgAIABIAEQAEgBLVXNlcnMvemlrdW55YW5nL0RvY3VtZW50cy9QYXBlcnMvQmlvU3RhdHMvVEhFIEJFTkVGSVQgT0YgR1JPVVAgU1BBUlNJVFkucGRmAAATAAEvAAAVAAIAEP//AAAACAANABoAJABIAAAAAAAAAgEAAAAAAAAABQAAAAAAAAAAAAAAAAAAAgY=}}

@article{yuan2006model,
	author = {Yuan, Ming and Lin, Yi},
	date-added = {2019-10-24 16:31:08 -0400},
	date-modified = {2019-10-24 16:31:08 -0400},
	journal = {Journal of the Royal Statistical Society: Series B (Statistical Methodology)},
	number = {1},
	pages = {49--67},
	publisher = {Wiley Online Library},
	title = {Model selection and estimation in regression with grouped variables},
	volume = {68},
	year = {2006},
	bdsk-file-1 = {YnBsaXN0MDDSAQIDBFxyZWxhdGl2ZVBhdGhZYWxpYXNEYXRhXxBzLi4vLi4vLi4vRG93bmxvYWRzL1l1YW5fZXRfYWwtMjAwNi1Kb3VybmFsX29mX3RoZV9Sb3lhbF9TdGF0aXN0aWNhbF9Tb2NpZXR5X19TZXJpZXNfQl8oU3RhdGlzdGljYWxfTWV0aG9kb2xvZ3kpLnBkZk8RApYAAAAAApYAAgAADE1hY2ludG9zaCBIRAAAAAAAAAAAAAAAAAAAAAAAAABCRAAB/////x9ZdWFuX2V0X2FsLTIwMDYtSm8jRkZGRkZGRkYucGRmAAAAAAAAAAAAAAAAAAAAAAAAAAAAAAAAAAAAAAAAAAD/////AAAAAAAAAAAAAAAAAAMAAgAACiBjdQAAAAAAAAAAAAAAAAAJRG93bmxvYWRzAAACAHwvOlVzZXJzOnppa3VueWFuZzpEb3dubG9hZHM6WXVhbl9ldF9hbC0yMDA2LUpvdXJuYWxfb2ZfdGhlX1JveWFsX1N0YXRpc3RpY2FsX1NvY2lldHlfX1Nlcmllc19CXyhTdGF0aXN0aWNhbF9NZXRob2RvbG9neSkucGRmAA4AwgBgAFkAdQBhAG4AXwBlAHQAXwBhAGwALQAyADAAMAA2AC0ASgBvAHUAcgBuAGEAbABfAG8AZgBfAHQAaABlAF8AUgBvAHkAYQBsAF8AUwB0AGEAdABpAHMAdABpAGMAYQBsAF8AUwBvAGMAaQBlAHQAeQBfAF8AUwBlAHIAaQBlAHMAXwBCAF8AKABTAHQAYQB0AGkAcwB0AGkAYwBhAGwAXwBNAGUAdABoAG8AZABvAGwAbwBnAHkAKQAuAHAAZABmAA8AGgAMAE0AYQBjAGkAbgB0AG8AcwBoACAASABEABIAelVzZXJzL3ppa3VueWFuZy9Eb3dubG9hZHMvWXVhbl9ldF9hbC0yMDA2LUpvdXJuYWxfb2ZfdGhlX1JveWFsX1N0YXRpc3RpY2FsX1NvY2lldHlfX1Nlcmllc19CXyhTdGF0aXN0aWNhbF9NZXRob2RvbG9neSkucGRmABMAAS8AABUAAgAQ//8AAAAIAA0AGgAkAJoAAAAAAAACAQAAAAAAAAAFAAAAAAAAAAAAAAAAAAADNA==}}

@article{zou2009adaptive,
	author = {Zou, Hui and Zhang, Hao Helen},
	date-added = {2019-10-22 16:33:43 -0400},
	date-modified = {2019-10-22 16:33:43 -0400},
	journal = {Annals of statistics},
	number = {4},
	pages = {1733},
	publisher = {NIH Public Access},
	title = {On the adaptive elastic-net with a diverging number of parameters},
	volume = {37},
	year = {2009},
	bdsk-file-1 = {YnBsaXN0MDDSAQIDBFxyZWxhdGl2ZVBhdGhZYWxpYXNEYXRhXxBFT04gVEhFIEFEQVBUSVZFIEVMQVNUSUMtTkVUIFdJVEggQSBESVZFUkdJTkcgTlVNQkVSIE9GIFBBUkFNRVRFUlMucGRmTxECSgAAAAACSgACAAAMTWFjaW50b3NoIEhEAAAAAAAAAAAAAAAAAAAAAAAAAEJEAAH/////H09OIFRIRSBBREFQVElWRSBFTCNGRkZGRkZGRi5wZGYAAAAAAAAAAAAAAAAAAAAAAAAAAAAAAAAAAAAAAAAAAP////8AAAAAAAAAAAAAAAAAAQACAAAKIGN1AAAAAAAAAAAAAAAAAAhCaW9TdGF0cwACAHEvOlVzZXJzOnppa3VueWFuZzpEb2N1bWVudHM6UGFwZXJzOkJpb1N0YXRzOk9OIFRIRSBBREFQVElWRSBFTEFTVElDLU5FVCBXSVRIIEEgRElWRVJHSU5HIE5VTUJFUiBPRiBQQVJBTUVURVJTLnBkZgAADgCMAEUATwBOACAAVABIAEUAIABBAEQAQQBQAFQASQBWAEUAIABFAEwAQQBTAFQASQBDAC0ATgBFAFQAIABXAEkAVABIACAAQQAgAEQASQBWAEUAUgBHAEkATgBHACAATgBVAE0AQgBFAFIAIABPAEYAIABQAEEAUgBBAE0ARQBUAEUAUgBTAC4AcABkAGYADwAaAAwATQBhAGMAaQBuAHQAbwBzAGgAIABIAEQAEgBvVXNlcnMvemlrdW55YW5nL0RvY3VtZW50cy9QYXBlcnMvQmlvU3RhdHMvT04gVEhFIEFEQVBUSVZFIEVMQVNUSUMtTkVUIFdJVEggQSBESVZFUkdJTkcgTlVNQkVSIE9GIFBBUkFNRVRFUlMucGRmAAATAAEvAAAVAAIAEP//AAAACAANABoAJABsAAAAAAAAAgEAAAAAAAAABQAAAAAAAAAAAAAAAAAAAro=}}

@article{munch2018adaptive,
	author = {M{\"u}nch, Magnus M and Peeters, Carel FW and van der Vaart, Aad W and van de Wiel, Mark A},
	date-added = {2019-10-22 16:13:59 -0400},
	date-modified = {2019-10-22 16:13:59 -0400},
	journal = {arXiv preprint arXiv:1805.00389},
	title = {Adaptive group-regularized logistic elastic net regression},
	year = {2018},
	bdsk-file-1 = {YnBsaXN0MDDSAQIDBFxyZWxhdGl2ZVBhdGhZYWxpYXNEYXRhXxBULi4vLi4vUGFwZXJzL0Jpb1N0YXRzL0FkYXB0aXZlIGdyb3VwLXJlZ3VsYXJpemVkIGxvZ2lzdGljIGVsYXN0aWMgbmV0IHJlZ3Jlc3Npb24ucGRmTxECJAAAAAACJAACAAAMTWFjaW50b3NoIEhEAAAAAAAAAAAAAAAAAAAAAAAAAEJEAAH/////H0FkYXB0aXZlIGdyb3VwLXJlZyNGRkZGRkZGRi5wZGYAAAAAAAAAAAAAAAAAAAAAAAAAAAAAAAAAAAAAAAAAAP////8AAAAAAAAAAAAAAAAAAgADAAAKIGN1AAAAAAAAAAAAAAAAAAhCaW9TdGF0cwACAGUvOlVzZXJzOmxpYW06RG9jdW1lbnRzOlBhcGVyczpCaW9TdGF0czpBZGFwdGl2ZSBncm91cC1yZWd1bGFyaXplZCBsb2dpc3RpYyBlbGFzdGljIG5ldCByZWdyZXNzaW9uLnBkZgAADgB+AD4AQQBkAGEAcAB0AGkAdgBlACAAZwByAG8AdQBwAC0AcgBlAGcAdQBsAGEAcgBpAHoAZQBkACAAbABvAGcAaQBzAHQAaQBjACAAZQBsAGEAcwB0AGkAYwAgAG4AZQB0ACAAcgBlAGcAcgBlAHMAcwBpAG8AbgAuAHAAZABmAA8AGgAMAE0AYQBjAGkAbgB0AG8AcwBoACAASABEABIAY1VzZXJzL2xpYW0vRG9jdW1lbnRzL1BhcGVycy9CaW9TdGF0cy9BZGFwdGl2ZSBncm91cC1yZWd1bGFyaXplZCBsb2dpc3RpYyBlbGFzdGljIG5ldCByZWdyZXNzaW9uLnBkZgAAEwABLwAAFQACAAv//wAAAAgADQAaACQAewAAAAAAAAIBAAAAAAAAAAUAAAAAAAAAAAAAAAAAAAKj}}

@article{fan2013tuning,
	author = {Fan, Yingying and Tang, Cheng Yong},
	date-added = {2019-10-22 13:34:54 -0400},
	date-modified = {2019-10-22 13:34:54 -0400},
	journal = {Journal of the Royal Statistical Society: Series B (Statistical Methodology)},
	number = {3},
	pages = {531--552},
	publisher = {Wiley Online Library},
	title = {Tuning parameter selection in high dimensional penalized likelihood},
	volume = {75},
	year = {2013},
	bdsk-file-1 = {YnBsaXN0MDDSAQIDBFxyZWxhdGl2ZVBhdGhZYWxpYXNEYXRhXxAkLi4vLi4vUGFwZXJzL0Jpb1N0YXRzL3Jzc2IuMTIwMDEucGRmTxEBZAAAAAABZAACAAAMTWFjaW50b3NoIEhEAAAAAAAAAAAAAAAAAAAAAAAAAEJEAAH/////DnJzc2IuMTIwMDEucGRmAAAAAAAAAAAAAAAAAAAAAAAAAAAAAAAAAAAAAAAAAAAAAAAAAAAAAAAAAAAAAAAAAP////8AAAAAAAAAAAAAAAAAAgADAAAKIGN1AAAAAAAAAAAAAAAAAAhCaW9TdGF0cwACADUvOlVzZXJzOmxpYW06RG9jdW1lbnRzOlBhcGVyczpCaW9TdGF0czpyc3NiLjEyMDAxLnBkZgAADgAeAA4AcgBzAHMAYgAuADEAMgAwADAAMQAuAHAAZABmAA8AGgAMAE0AYQBjAGkAbgB0AG8AcwBoACAASABEABIAM1VzZXJzL2xpYW0vRG9jdW1lbnRzL1BhcGVycy9CaW9TdGF0cy9yc3NiLjEyMDAxLnBkZgAAEwABLwAAFQACAAv//wAAAAgADQAaACQASwAAAAAAAAIBAAAAAAAAAAUAAAAAAAAAAAAAAAAAAAGz}}

@article{friedman2010note,
	author = {Friedman, Jerome and Hastie, Trevor and Tibshirani, Robert},
	date-added = {2019-10-22 13:33:40 -0400},
	date-modified = {2019-10-22 13:33:40 -0400},
	journal = {arXiv preprint arXiv:1001.0736},
	title = {A note on the group lasso and a sparse group lasso},
	year = {2010},
	bdsk-file-1 = {YnBsaXN0MDDSAQIDBFxyZWxhdGl2ZVBhdGhZYWxpYXNEYXRhXxBMLi4vLi4vUGFwZXJzL0Jpb1N0YXRzL0Egbm90ZSBvbiB0aGUgZ3JvdXAgbGFzc28gYW5kIGEgc3BhcnNlIGdyb3VwIGxhc3NvLnBkZk8RAgQAAAAAAgQAAgAADE1hY2ludG9zaCBIRAAAAAAAAAAAAAAAAAAAAAAAAABCRAAB/////x9BIG5vdGUgb24gdGhlIGdyb3UjRkZGRkZGRkYucGRmAAAAAAAAAAAAAAAAAAAAAAAAAAAAAAAAAAAAAAAAAAD/////AAAAAAAAAAAAAAAAAAIAAwAACiBjdQAAAAAAAAAAAAAAAAAIQmlvU3RhdHMAAgBdLzpVc2VyczpsaWFtOkRvY3VtZW50czpQYXBlcnM6QmlvU3RhdHM6QSBub3RlIG9uIHRoZSBncm91cCBsYXNzbyBhbmQgYSBzcGFyc2UgZ3JvdXAgbGFzc28ucGRmAAAOAG4ANgBBACAAbgBvAHQAZQAgAG8AbgAgAHQAaABlACAAZwByAG8AdQBwACAAbABhAHMAcwBvACAAYQBuAGQAIABhACAAcwBwAGEAcgBzAGUAIABnAHIAbwB1AHAAIABsAGEAcwBzAG8ALgBwAGQAZgAPABoADABNAGEAYwBpAG4AdABvAHMAaAAgAEgARAASAFtVc2Vycy9saWFtL0RvY3VtZW50cy9QYXBlcnMvQmlvU3RhdHMvQSBub3RlIG9uIHRoZSBncm91cCBsYXNzbyBhbmQgYSBzcGFyc2UgZ3JvdXAgbGFzc28ucGRmAAATAAEvAAAVAAIAC///AAAACAANABoAJABzAAAAAAAAAgEAAAAAAAAABQAAAAAAAAAAAAAAAAAAAns=}}

@article{hui2015tuning,
	author = {Hui, Francis KC and Warton, David I and Foster, Scott D},
	date-added = {2019-10-22 11:43:25 -0400},
	date-modified = {2019-10-22 11:43:25 -0400},
	journal = {Journal of the American Statistical Association},
	number = {509},
	pages = {262--269},
	publisher = {Taylor \& Francis},
	title = {Tuning parameter selection for the adaptive lasso using ERIC},
	volume = {110},
	year = {2015},
	bdsk-file-1 = {YnBsaXN0MDDSAQIDBFxyZWxhdGl2ZVBhdGhZYWxpYXNEYXRhXxBWLi4vLi4vUGFwZXJzL0Jpb1N0YXRzL1R1bmluZyBQYXJhbWV0ZXIgU2VsZWN0aW9uIGZvciB0aGUgQWRhcHRpdmUgTGFzc28gVXNpbmcgRVJJQy5wZGZPEQIsAAAAAAIsAAIAAAxNYWNpbnRvc2ggSEQAAAAAAAAAAAAAAAAAAAAAAAAAQkQAAf////8fVHVuaW5nIFBhcmFtZXRlciBTI0ZGRkZGRkZGLnBkZgAAAAAAAAAAAAAAAAAAAAAAAAAAAAAAAAAAAAAAAAAA/////wAAAAAAAAAAAAAAAAACAAMAAAogY3UAAAAAAAAAAAAAAAAACEJpb1N0YXRzAAIAZy86VXNlcnM6bGlhbTpEb2N1bWVudHM6UGFwZXJzOkJpb1N0YXRzOlR1bmluZyBQYXJhbWV0ZXIgU2VsZWN0aW9uIGZvciB0aGUgQWRhcHRpdmUgTGFzc28gVXNpbmcgRVJJQy5wZGYAAA4AggBAAFQAdQBuAGkAbgBnACAAUABhAHIAYQBtAGUAdABlAHIAIABTAGUAbABlAGMAdABpAG8AbgAgAGYAbwByACAAdABoAGUAIABBAGQAYQBwAHQAaQB2AGUAIABMAGEAcwBzAG8AIABVAHMAaQBuAGcAIABFAFIASQBDAC4AcABkAGYADwAaAAwATQBhAGMAaQBuAHQAbwBzAGgAIABIAEQAEgBlVXNlcnMvbGlhbS9Eb2N1bWVudHMvUGFwZXJzL0Jpb1N0YXRzL1R1bmluZyBQYXJhbWV0ZXIgU2VsZWN0aW9uIGZvciB0aGUgQWRhcHRpdmUgTGFzc28gVXNpbmcgRVJJQy5wZGYAABMAAS8AABUAAgAL//8AAAAIAA0AGgAkAH0AAAAAAAACAQAAAAAAAAAFAAAAAAAAAAAAAAAAAAACrQ==}}

@article{mccullaghgeneralized,
	author = {McCullagh, P and Nelder, JA},
	date-added = {2019-10-20 14:45:58 -0400},
	date-modified = {2019-10-20 14:45:58 -0400},
	journal = {Fla Chapman \& Hall/CRC},
	title = {Generalized Linear Models. 1999 Boca Raton},
	bdsk-file-1 = {YnBsaXN0MDDSAQIDBFxyZWxhdGl2ZVBhdGhZYWxpYXNEYXRhW2dsbWJvb2sucGRmTxEBYgAAAAABYgACAAAMTWFjaW50b3NoIEhEAAAAAAAAAAAAAAAAAAAAAAAAAEJEAAH/////C2dsbWJvb2sucGRmAAAAAAAAAAAAAAAAAAAAAAAAAAAAAAAAAAAAAAAAAAAAAAAAAAAAAAAAAAAAAAAAAAAAAP////8AAAAAAAAAAAAAAAAAAQACAAAKIGN1AAAAAAAAAAAAAAAAAAhCaW9TdGF0cwACADcvOlVzZXJzOnppa3VueWFuZzpEb2N1bWVudHM6UGFwZXJzOkJpb1N0YXRzOmdsbWJvb2sucGRmAAAOABgACwBnAGwAbQBiAG8AbwBrAC4AcABkAGYADwAaAAwATQBhAGMAaQBuAHQAbwBzAGgAIABIAEQAEgA1VXNlcnMvemlrdW55YW5nL0RvY3VtZW50cy9QYXBlcnMvQmlvU3RhdHMvZ2xtYm9vay5wZGYAABMAAS8AABUAAgAQ//8AAAAIAA0AGgAkADAAAAAAAAACAQAAAAAAAAAFAAAAAAAAAAAAAAAAAAABlg==}}

@article{song2019pulasso,
	author = {Song, Hyebin and Raskutti, Garvesh},
	date-added = {2019-10-17 21:29:51 -0400},
	date-modified = {2019-10-17 21:29:51 -0400},
	journal = {Journal of the American Statistical Association},
	pages = {1--30},
	publisher = {Taylor \& Francis},
	title = {PULasso: High-dimensional variable selection with presence-only data},
	year = {2019},
	bdsk-file-1 = {YnBsaXN0MDDSAQIDBFxyZWxhdGl2ZVBhdGhZYWxpYXNEYXRhXxBLUFVsYXNzbyBIaWdoIERpbWVuc2lvbmFsIFZhcmlhYmxlIFNlbGVjdGlvbiBXaXRoIFByZXNlbmNlIE9ubHkgRGF0YSAoMSkucGRmTxECYgAAAAACYgACAAAMTWFjaW50b3NoIEhEAAAAAAAAAAAAAAAAAAAAAAAAAEJEAAH/////H1BVbGFzc28gSGlnaCBEaW1lbiNGRkZGRkZGRi5wZGYAAAAAAAAAAAAAAAAAAAAAAAAAAAAAAAAAAAAAAAAAAP////8AAAAAAAAAAAAAAAAAAQACAAAKIGN1AAAAAAAAAAAAAAAAAAhCaW9TdGF0cwACAHcvOlVzZXJzOnppa3VueWFuZzpEb2N1bWVudHM6UGFwZXJzOkJpb1N0YXRzOlBVbGFzc28gSGlnaCBEaW1lbnNpb25hbCBWYXJpYWJsZSBTZWxlY3Rpb24gV2l0aCBQcmVzZW5jZSBPbmx5IERhdGEgKDEpLnBkZgAADgCYAEsAUABVAGwAYQBzAHMAbwAgAEgAaQBnAGgAIABEAGkAbQBlAG4AcwBpAG8AbgBhAGwAIABWAGEAcgBpAGEAYgBsAGUAIABTAGUAbABlAGMAdABpAG8AbgAgAFcAaQB0AGgAIABQAHIAZQBzAGUAbgBjAGUAIABPAG4AbAB5ACAARABhAHQAYQAgACgAMQApAC4AcABkAGYADwAaAAwATQBhAGMAaQBuAHQAbwBzAGgAIABIAEQAEgB1VXNlcnMvemlrdW55YW5nL0RvY3VtZW50cy9QYXBlcnMvQmlvU3RhdHMvUFVsYXNzbyBIaWdoIERpbWVuc2lvbmFsIFZhcmlhYmxlIFNlbGVjdGlvbiBXaXRoIFByZXNlbmNlIE9ubHkgRGF0YSAoMSkucGRmAAATAAEvAAAVAAIAEP//AAAACAANABoAJAByAAAAAAAAAgEAAAAAAAAABQAAAAAAAAAAAAAAAAAAAtg=}}

@article{chen2008improving,
	author = {Chen, Song Xi and Leung, Denis HY and Qin, Jing},
	date-added = {2019-10-17 16:30:34 -0400},
	date-modified = {2019-10-17 16:30:34 -0400},
	journal = {Journal of the Royal Statistical Society: Series B (Statistical Methodology)},
	number = {4},
	pages = {803--823},
	publisher = {Wiley Online Library},
	title = {Improving semiparametric estimation by using surrogate data},
	volume = {70},
	year = {2008},
	bdsk-file-1 = {YnBsaXN0MDDSAQIDBFxyZWxhdGl2ZVBhdGhZYWxpYXNEYXRhXxBVLi4vLi4vUGFwZXJzL0Jpb1N0YXRzL0ltcHJvdmluZyBzZW1pcGFyYW1ldHJpYyBlc3RpbWF0aW9uIGJ5IHVzaW5nIHN1cnJvZ2F0ZSBkYXRhLnBkZk8RAiYAAAAAAiYAAgAADE1hY2ludG9zaCBIRAAAAAAAAAAAAAAAAAAAAAAAAABCRAAB/////x9JbXByb3Zpbmcgc2VtaXBhcmEjRkZGRkZGRkYucGRmAAAAAAAAAAAAAAAAAAAAAAAAAAAAAAAAAAAAAAAAAAD/////AAAAAAAAAAAAAAAAAAIAAwAACiBjdQAAAAAAAAAAAAAAAAAIQmlvU3RhdHMAAgBmLzpVc2VyczpsaWFtOkRvY3VtZW50czpQYXBlcnM6QmlvU3RhdHM6SW1wcm92aW5nIHNlbWlwYXJhbWV0cmljIGVzdGltYXRpb24gYnkgdXNpbmcgc3Vycm9nYXRlIGRhdGEucGRmAA4AgAA/AEkAbQBwAHIAbwB2AGkAbgBnACAAcwBlAG0AaQBwAGEAcgBhAG0AZQB0AHIAaQBjACAAZQBzAHQAaQBtAGEAdABpAG8AbgAgAGIAeQAgAHUAcwBpAG4AZwAgAHMAdQByAHIAbwBnAGEAdABlACAAZABhAHQAYQAuAHAAZABmAA8AGgAMAE0AYQBjAGkAbgB0AG8AcwBoACAASABEABIAZFVzZXJzL2xpYW0vRG9jdW1lbnRzL1BhcGVycy9CaW9TdGF0cy9JbXByb3Zpbmcgc2VtaXBhcmFtZXRyaWMgZXN0aW1hdGlvbiBieSB1c2luZyBzdXJyb2dhdGUgZGF0YS5wZGYAEwABLwAAFQACAAv//wAAAAgADQAaACQAfAAAAAAAAAIBAAAAAAAAAAUAAAAAAAAAAAAAAAAAAAKm}}

@article{ward2009presence,
	author = {Ward, Gill and Hastie, Trevor and Barry, Simon and Elith, Jane and Leathwick, John R},
	date-added = {2019-10-17 16:24:38 -0400},
	date-modified = {2019-10-17 16:24:38 -0400},
	journal = {Biometrics},
	number = {2},
	pages = {554--563},
	publisher = {Wiley Online Library},
	title = {Presence-only data and the EM algorithm},
	volume = {65},
	year = {2009},
	bdsk-file-1 = {YnBsaXN0MDDSAQIDBFxyZWxhdGl2ZVBhdGhZYWxpYXNEYXRhXxAxLi4vLi4vLi4vRG93bmxvYWRzL1dhcmRfZXRfYWwtMjAwOS1CaW9tZXRyaWNzLnBkZk8RAY4AAAAAAY4AAgAADE1hY2ludG9zaCBIRAAAAAAAAAAAAAAAAAAAAAAAAABCRAAB/////x5XYXJkX2V0X2FsLTIwMDktQmlvbWV0cmljcy5wZGYAAAAAAAAAAAAAAAAAAAAAAAAAAAAAAAAAAAAAAAAAAAD/////AAAAAAAAAAAAAAAAAAMAAgAACiBjdQAAAAAAAAAAAAAAAAAJRG93bmxvYWRzAAACADovOlVzZXJzOnppa3VueWFuZzpEb3dubG9hZHM6V2FyZF9ldF9hbC0yMDA5LUJpb21ldHJpY3MucGRmAA4APgAeAFcAYQByAGQAXwBlAHQAXwBhAGwALQAyADAAMAA5AC0AQgBpAG8AbQBlAHQAcgBpAGMAcwAuAHAAZABmAA8AGgAMAE0AYQBjAGkAbgB0AG8AcwBoACAASABEABIAOFVzZXJzL3ppa3VueWFuZy9Eb3dubG9hZHMvV2FyZF9ldF9hbC0yMDA5LUJpb21ldHJpY3MucGRmABMAAS8AABUAAgAQ//8AAAAIAA0AGgAkAFgAAAAAAAACAQAAAAAAAAAFAAAAAAAAAAAAAAAAAAAB6g==}}

@article{chatterjee2016constrained,
	author = {Chatterjee, Nilanjan and Chen, Yi-Hau and Maas, Paige and Carroll, Raymond J},
	date-added = {2019-10-17 16:22:40 -0400},
	date-modified = {2019-10-17 16:22:40 -0400},
	journal = {Journal of the American Statistical Association},
	number = {513},
	pages = {107--117},
	publisher = {Taylor \& Francis},
	title = {Constrained maximum likelihood estimation for model calibration using summary-level information from external big data sources},
	volume = {111},
	year = {2016},
	bdsk-file-1 = {YnBsaXN0MDDSAQIDBFxyZWxhdGl2ZVBhdGhZYWxpYXNEYXRhXxCYLi4vLi4vUGFwZXJzL0Jpb1N0YXRzL0NvbnN0cmFpbmVkIE1heGltdW0gTGlrZWxpaG9vZCBFc3RpbWF0aW9uIGZvciBNb2RlbCBDYWxpYnJhdGlvbiBVc2luZyBTdW1tYXJ5IExldmVsIEluZm9ybWF0aW9uIEZyb20gRXh0ZXJuYWwgQmlnIERhdGEgU291cmNlcy5wZGZPEQM0AAAAAAM0AAIAAAxNYWNpbnRvc2ggSEQAAAAAAAAAAAAAAAAAAAAAAAAAQkQAAf////8fQ29uc3RyYWluZWQgTWF4aW11I0ZGRkZGRkZGLnBkZgAAAAAAAAAAAAAAAAAAAAAAAAAAAAAAAAAAAAAAAAAA/////wAAAAAAAAAAAAAAAAACAAMAAAogY3UAAAAAAAAAAAAAAAAACEJpb1N0YXRzAAIAqS86VXNlcnM6bGlhbTpEb2N1bWVudHM6UGFwZXJzOkJpb1N0YXRzOkNvbnN0cmFpbmVkIE1heGltdW0gTGlrZWxpaG9vZCBFc3RpbWF0aW9uIGZvciBNb2RlbCBDYWxpYnJhdGlvbiBVc2luZyBTdW1tYXJ5IExldmVsIEluZm9ybWF0aW9uIEZyb20gRXh0ZXJuYWwgQmlnIERhdGEgU291cmNlcy5wZGYAAA4BBgCCAEMAbwBuAHMAdAByAGEAaQBuAGUAZAAgAE0AYQB4AGkAbQB1AG0AIABMAGkAawBlAGwAaQBoAG8AbwBkACAARQBzAHQAaQBtAGEAdABpAG8AbgAgAGYAbwByACAATQBvAGQAZQBsACAAQwBhAGwAaQBiAHIAYQB0AGkAbwBuACAAVQBzAGkAbgBnACAAUwB1AG0AbQBhAHIAeQAgAEwAZQB2AGUAbAAgAEkAbgBmAG8AcgBtAGEAdABpAG8AbgAgAEYAcgBvAG0AIABFAHgAdABlAHIAbgBhAGwAIABCAGkAZwAgAEQAYQB0AGEAIABTAG8AdQByAGMAZQBzAC4AcABkAGYADwAaAAwATQBhAGMAaQBuAHQAbwBzAGgAIABIAEQAEgCnVXNlcnMvbGlhbS9Eb2N1bWVudHMvUGFwZXJzL0Jpb1N0YXRzL0NvbnN0cmFpbmVkIE1heGltdW0gTGlrZWxpaG9vZCBFc3RpbWF0aW9uIGZvciBNb2RlbCBDYWxpYnJhdGlvbiBVc2luZyBTdW1tYXJ5IExldmVsIEluZm9ybWF0aW9uIEZyb20gRXh0ZXJuYWwgQmlnIERhdGEgU291cmNlcy5wZGYAABMAAS8AABUAAgAL//8AAAAIAA0AGgAkAL8AAAAAAAACAQAAAAAAAAAFAAAAAAAAAAAAAAAAAAAD9w==}}

@article{gan2018bayesian,
	author = {Gan, Lingrui and Narisetty, Naveen N and Liang, Feng},
	date-added = {2019-10-17 16:16:14 -0400},
	date-modified = {2019-10-17 16:16:14 -0400},
	journal = {Journal of the American Statistical Association},
	pages = {1--14},
	publisher = {Taylor \& Francis},
	title = {Bayesian regularization for graphical models with unequal shrinkage},
	year = {2018},
	bdsk-file-1 = {YnBsaXN0MDDSAQIDBFxyZWxhdGl2ZVBhdGhZYWxpYXNEYXRhXxBHQmF5ZXNpYW4gUmVndWxhcml6YXRpb24gZm9yIEdyYXBoaWNhbCBNb2RlbHMgV2l0aCBVbmVxdWFsIFNocmlua2FnZS5wZGZPEQJSAAAAAAJSAAIAAAxNYWNpbnRvc2ggSEQAAAAAAAAAAAAAAAAAAAAAAAAAQkQAAf////8fQmF5ZXNpYW4gUmVndWxhcml6I0ZGRkZGRkZGLnBkZgAAAAAAAAAAAAAAAAAAAAAAAAAAAAAAAAAAAAAAAAAA/////wAAAAAAAAAAAAAAAAABAAIAAAogY3UAAAAAAAAAAAAAAAAACEJpb1N0YXRzAAIAcy86VXNlcnM6emlrdW55YW5nOkRvY3VtZW50czpQYXBlcnM6QmlvU3RhdHM6QmF5ZXNpYW4gUmVndWxhcml6YXRpb24gZm9yIEdyYXBoaWNhbCBNb2RlbHMgV2l0aCBVbmVxdWFsIFNocmlua2FnZS5wZGYAAA4AkABHAEIAYQB5AGUAcwBpAGEAbgAgAFIAZQBnAHUAbABhAHIAaQB6AGEAdABpAG8AbgAgAGYAbwByACAARwByAGEAcABoAGkAYwBhAGwAIABNAG8AZABlAGwAcwAgAFcAaQB0AGgAIABVAG4AZQBxAHUAYQBsACAAUwBoAHIAaQBuAGsAYQBnAGUALgBwAGQAZgAPABoADABNAGEAYwBpAG4AdABvAHMAaAAgAEgARAASAHFVc2Vycy96aWt1bnlhbmcvRG9jdW1lbnRzL1BhcGVycy9CaW9TdGF0cy9CYXllc2lhbiBSZWd1bGFyaXphdGlvbiBmb3IgR3JhcGhpY2FsIE1vZGVscyBXaXRoIFVuZXF1YWwgU2hyaW5rYWdlLnBkZgAAEwABLwAAFQACABD//wAAAAgADQAaACQAbgAAAAAAAAIBAAAAAAAAAAUAAAAAAAAAAAAAAAAAAALE}}

@article{chen2000unified,
	author = {Chen, Yi-Hau and Chen, Hung},
	date-added = {2019-10-17 13:37:03 -0400},
	date-modified = {2019-10-17 13:37:03 -0400},
	journal = {Journal of the Royal Statistical Society: Series B (Statistical Methodology)},
	number = {3},
	pages = {449--460},
	publisher = {Wiley Online Library},
	title = {A unified approach to regression analysis under double-sampling designs},
	volume = {62},
	year = {2000},
	bdsk-file-1 = {YnBsaXN0MDDSAQIDBFxyZWxhdGl2ZVBhdGhZYWxpYXNEYXRhbxBiAC4ALgAvAC4ALgAvAFAAYQBwAGUAcgBzAC8AQgBpAG8AUwB0AGEAdABzAC8AQQAgAHUAbgBpAGYAaQBlAGQAIABhAHAAcAByAG8AYQBjAGgAIAB0AG8AIAByAGUAZwByAGUAcwBzAGkAbwBuACAAYQBuAGEAbAB5AHMAaQBzACAAdQBuAGQAZQByACAAZABvAHUAYgBsAGUgEABzAGEAbQBwAGwAaQBuAGcAIABkAGUAcwBpAGcAbgBzACAALgBwAGQAZk8RAmAAAAAAAmAAAgAADE1hY2ludG9zaCBIRAAAAAAAAAAAAAAAAAAAAAAAAABCRAAB/////x9BIHVuaWZpZWQgYXBwcm9hY2gjRkZGRkZGRkYucGRmAAAAAAAAAAAAAAAAAAAAAAAAAAAAAAAAAAAAAAAAAAD/////AAAAAAAAAAAAAAAAAAIAAwAACiBjdQAAAAAAAAAAAAAAAAAIQmlvU3RhdHMAAgB1LzpVc2VyczpsaWFtOkRvY3VtZW50czpQYXBlcnM6QmlvU3RhdHM6QSB1bmlmaWVkIGFwcHJvYWNoIHRvIHJlZ3Jlc3Npb24gYW5hbHlzaXMgdW5kZXIgZG91Ymxl4oCQc2FtcGxpbmcgZGVzaWducyAucGRmAAAOAJoATABBACAAdQBuAGkAZgBpAGUAZAAgAGEAcABwAHIAbwBhAGMAaAAgAHQAbwAgAHIAZQBnAHIAZQBzAHMAaQBvAG4AIABhAG4AYQBsAHkAcwBpAHMAIAB1AG4AZABlAHIAIABkAG8AdQBiAGwAZSAQAHMAYQBtAHAAbABpAG4AZwAgAGQAZQBzAGkAZwBuAHMAIAAuAHAAZABmAA8AGgAMAE0AYQBjAGkAbgB0AG8AcwBoACAASABEABIAc1VzZXJzL2xpYW0vRG9jdW1lbnRzL1BhcGVycy9CaW9TdGF0cy9BIHVuaWZpZWQgYXBwcm9hY2ggdG8gcmVncmVzc2lvbiBhbmFseXNpcyB1bmRlciBkb3VibGXigJBzYW1wbGluZyBkZXNpZ25zIC5wZGYAABMAAS8AABUAAgAL//8AAAAIAA0AGgAkAOsAAAAAAAACAQAAAAAAAAAFAAAAAAAAAAAAAAAAAAADTw==}}

@article{qin2014using,
	author = {Qin, Jing and Zhang, Han and Li, Pengfei and Albanes, Demetrius and Yu, Kai},
	date-added = {2019-10-17 11:04:52 -0400},
	date-modified = {2019-10-17 11:04:52 -0400},
	journal = {Biometrika},
	number = {1},
	pages = {169--180},
	publisher = {Oxford University Press},
	title = {Using covariate-specific disease prevalence information to increase the power of case-control studies},
	volume = {102},
	year = {2014},
	bdsk-file-1 = {YnBsaXN0MDDSAQIDBFxyZWxhdGl2ZVBhdGhZYWxpYXNEYXRhXxB/Li4vLi4vUGFwZXJzL0Jpb1N0YXRzL1VzaW5nIGNvdmFyaWF0ZS1zcGVjaWZpYyBkaXNlYXNlIHByZXZhbGVuY2UgaW5mb3JtYXRpb24gdG8gaW5jcmVhc2UgdGhlIHBvd2VyIG9mIGNhc2UtY29udHJvbCBzdHVkaWVzLnBkZk8RAs4AAAAAAs4AAgAADE1hY2ludG9zaCBIRAAAAAAAAAAAAAAAAAAAAAAAAABCRAAB/////x9Vc2luZyBjb3ZhcmlhdGUtc3AjRkZGRkZGRkYucGRmAAAAAAAAAAAAAAAAAAAAAAAAAAAAAAAAAAAAAAAAAAD/////AAAAAAAAAAAAAAAAAAIAAwAACiBjdQAAAAAAAAAAAAAAAAAIQmlvU3RhdHMAAgCQLzpVc2VyczpsaWFtOkRvY3VtZW50czpQYXBlcnM6QmlvU3RhdHM6VXNpbmcgY292YXJpYXRlLXNwZWNpZmljIGRpc2Vhc2UgcHJldmFsZW5jZSBpbmZvcm1hdGlvbiB0byBpbmNyZWFzZSB0aGUgcG93ZXIgb2YgY2FzZS1jb250cm9sIHN0dWRpZXMucGRmAA4A1ABpAFUAcwBpAG4AZwAgAGMAbwB2AGEAcgBpAGEAdABlAC0AcwBwAGUAYwBpAGYAaQBjACAAZABpAHMAZQBhAHMAZQAgAHAAcgBlAHYAYQBsAGUAbgBjAGUAIABpAG4AZgBvAHIAbQBhAHQAaQBvAG4AIAB0AG8AIABpAG4AYwByAGUAYQBzAGUAIAB0AGgAZQAgAHAAbwB3AGUAcgAgAG8AZgAgAGMAYQBzAGUALQBjAG8AbgB0AHIAbwBsACAAcwB0AHUAZABpAGUAcwAuAHAAZABmAA8AGgAMAE0AYQBjAGkAbgB0AG8AcwBoACAASABEABIAjlVzZXJzL2xpYW0vRG9jdW1lbnRzL1BhcGVycy9CaW9TdGF0cy9Vc2luZyBjb3ZhcmlhdGUtc3BlY2lmaWMgZGlzZWFzZSBwcmV2YWxlbmNlIGluZm9ybWF0aW9uIHRvIGluY3JlYXNlIHRoZSBwb3dlciBvZiBjYXNlLWNvbnRyb2wgc3R1ZGllcy5wZGYAEwABLwAAFQACAAv//wAAAAgADQAaACQApgAAAAAAAAIBAAAAAAAAAAUAAAAAAAAAAAAAAAAAAAN4}}

@article{beer2019incorporating,
	author = {Beer, Joanne C and Aizenstein, Howard J and Anderson, Stewart J and Krafty, Robert T},
	date-added = {2019-10-16 16:59:22 -0400},
	date-modified = {2019-10-16 16:59:22 -0400},
	journal = {Biometrics},
	publisher = {Wiley Online Library},
	title = {Incorporating prior information with fused sparse group lasso: Application to prediction of clinical measures from neuroimages},
	year = {2019},
	bdsk-file-1 = {YnBsaXN0MDDSAQIDBFxyZWxhdGl2ZVBhdGhZYWxpYXNEYXRhXxAkLi4vLi4vUGFwZXJzL0Jpb1N0YXRzL2Jpb20uMTMwNzUucGRmTxEBZAAAAAABZAACAAAMTWFjaW50b3NoIEhEAAAAAAAAAAAAAAAAAAAAAAAAAEJEAAH/////DmJpb20uMTMwNzUucGRmAAAAAAAAAAAAAAAAAAAAAAAAAAAAAAAAAAAAAAAAAAAAAAAAAAAAAAAAAAAAAAAAAP////8AAAAAAAAAAAAAAAAAAgADAAAKIGN1AAAAAAAAAAAAAAAAAAhCaW9TdGF0cwACADUvOlVzZXJzOmxpYW06RG9jdW1lbnRzOlBhcGVyczpCaW9TdGF0czpiaW9tLjEzMDc1LnBkZgAADgAeAA4AYgBpAG8AbQAuADEAMwAwADcANQAuAHAAZABmAA8AGgAMAE0AYQBjAGkAbgB0AG8AcwBoACAASABEABIAM1VzZXJzL2xpYW0vRG9jdW1lbnRzL1BhcGVycy9CaW9TdGF0cy9iaW9tLjEzMDc1LnBkZgAAEwABLwAAFQACAAv//wAAAAgADQAaACQASwAAAAAAAAIBAAAAAAAAAAUAAAAAAAAAAAAAAAAAAAGz}}

@article{velten2018adaptive,
	author = {Velten, Britta and Huber, Wolfgang},
	date-added = {2019-10-16 12:49:13 -0400},
	date-modified = {2019-10-16 12:49:13 -0400},
	journal = {arXiv preprint arXiv:1811.02962},
	title = {Adaptive penalization in high-dimensional regression and classification with external covariates using variational Bayes},
	year = {2018},
	bdsk-file-1 = {YnBsaXN0MDDSAQIDBFxyZWxhdGl2ZVBhdGhZYWxpYXNEYXRhXxCSLi4vLi4vUGFwZXJzL0Jpb1N0YXRzL0FkYXB0aXZlIHBlbmFsaXphdGlvbiBpbiBoaWdoLWRpbWVuc2lvbmFsIHJlZ3Jlc3Npb24gYW5kIGNsYXNzaWZpY2F0aW9uIHdpdGggZXh0ZXJuYWwgY292YXJpYXRlcyB1c2luZyB2YXJpYXRpb25hbCBCYXllcy5wZGZPEQMcAAAAAAMcAAIAAAxNYWNpbnRvc2ggSEQAAAAAAAAAAAAAAAAAAAAAAAAAQkQAAf////8fQWRhcHRpdmUgcGVuYWxpemF0I0ZGRkZGRkZGLnBkZgAAAAAAAAAAAAAAAAAAAAAAAAAAAAAAAAAAAAAAAAAA/////wAAAAAAAAAAAAAAAAACAAMAAAogY3UAAAAAAAAAAAAAAAAACEJpb1N0YXRzAAIAoy86VXNlcnM6bGlhbTpEb2N1bWVudHM6UGFwZXJzOkJpb1N0YXRzOkFkYXB0aXZlIHBlbmFsaXphdGlvbiBpbiBoaWdoLWRpbWVuc2lvbmFsIHJlZ3Jlc3Npb24gYW5kIGNsYXNzaWZpY2F0aW9uIHdpdGggZXh0ZXJuYWwgY292YXJpYXRlcyB1c2luZyB2YXJpYXRpb25hbCBCYXllcy5wZGYAAA4A+gB8AEEAZABhAHAAdABpAHYAZQAgAHAAZQBuAGEAbABpAHoAYQB0AGkAbwBuACAAaQBuACAAaABpAGcAaAAtAGQAaQBtAGUAbgBzAGkAbwBuAGEAbAAgAHIAZQBnAHIAZQBzAHMAaQBvAG4AIABhAG4AZAAgAGMAbABhAHMAcwBpAGYAaQBjAGEAdABpAG8AbgAgAHcAaQB0AGgAIABlAHgAdABlAHIAbgBhAGwAIABjAG8AdgBhAHIAaQBhAHQAZQBzACAAdQBzAGkAbgBnACAAdgBhAHIAaQBhAHQAaQBvAG4AYQBsACAAQgBhAHkAZQBzAC4AcABkAGYADwAaAAwATQBhAGMAaQBuAHQAbwBzAGgAIABIAEQAEgChVXNlcnMvbGlhbS9Eb2N1bWVudHMvUGFwZXJzL0Jpb1N0YXRzL0FkYXB0aXZlIHBlbmFsaXphdGlvbiBpbiBoaWdoLWRpbWVuc2lvbmFsIHJlZ3Jlc3Npb24gYW5kIGNsYXNzaWZpY2F0aW9uIHdpdGggZXh0ZXJuYWwgY292YXJpYXRlcyB1c2luZyB2YXJpYXRpb25hbCBCYXllcy5wZGYAABMAAS8AABUAAgAL//8AAAAIAA0AGgAkALkAAAAAAAACAQAAAAAAAAAFAAAAAAAAAAAAAAAAAAAD2Q==}}

@article{kpogbezan2019incorporating,
	author = {Kpogbezan, Gino B and van de Wiel, Mark A and van Wieringen, Wessel N and van der Vaart, Aad W},
	date-added = {2019-10-15 21:04:58 -0400},
	date-modified = {2019-10-15 21:04:58 -0400},
	journal = {arXiv preprint arXiv:1901.10217},
	title = {Incorporating prior information and borrowing information in high-dimensional sparse regression using the horseshoe and variational Bayes},
	year = {2019},
	bdsk-file-1 = {YnBsaXN0MDDSAQIDBFxyZWxhdGl2ZVBhdGhZYWxpYXNEYXRhXxARaG9yc2VfY28tZGF0YS5wZGZPEQF6AAAAAAF6AAIAAAxNYWNpbnRvc2ggSEQAAAAAAAAAAAAAAAAAAAAAAAAAQkQAAf////8RaG9yc2VfY28tZGF0YS5wZGYAAAAAAAAAAAAAAAAAAAAAAAAAAAAAAAAAAAAAAAAAAAAAAAAAAAAAAAAAAAAA/////wAAAAAAAAAAAAAAAAABAAIAAAogY3UAAAAAAAAAAAAAAAAACEJpb1N0YXRzAAIAPS86VXNlcnM6emlrdW55YW5nOkRvY3VtZW50czpQYXBlcnM6QmlvU3RhdHM6aG9yc2VfY28tZGF0YS5wZGYAAA4AJAARAGgAbwByAHMAZQBfAGMAbwAtAGQAYQB0AGEALgBwAGQAZgAPABoADABNAGEAYwBpAG4AdABvAHMAaAAgAEgARAASADtVc2Vycy96aWt1bnlhbmcvRG9jdW1lbnRzL1BhcGVycy9CaW9TdGF0cy9ob3JzZV9jby1kYXRhLnBkZgAAEwABLwAAFQACABD//wAAAAgADQAaACQAOAAAAAAAAAIBAAAAAAAAAAUAAAAAAAAAAAAAAAAAAAG2}}

@article{van2019learning,
	author = {van de Wiel, Mark A and Te Beest, Dennis E and M{\"u}nch, Magnus M},
	date-added = {2019-10-15 17:31:10 -0400},
	date-modified = {2019-10-15 17:31:10 -0400},
	journal = {Scandinavian Journal of Statistics},
	number = {1},
	pages = {2--25},
	publisher = {Wiley Online Library},
	title = {Learning from a lot: Empirical Bayes for high-dimensional model-based prediction},
	volume = {46},
	year = {2019},
	bdsk-file-1 = {YnBsaXN0MDDSAQIDBFxyZWxhdGl2ZVBhdGhZYWxpYXNEYXRhXxBqLi4vLi4vUGFwZXJzL0Jpb1N0YXRzL0xlYXJuaW5nIGZyb20gYSBsb3QtIEVtcGlyaWNhbCBCYXllcyBmb3IgaGlnaC1kaW1lbnNpb25hbCBtb2RlbC1iYXNlZCBwcmVkaWN0aW9uLnBkZk8RAnwAAAAAAnwAAgAADE1hY2ludG9zaCBIRAAAAAAAAAAAAAAAAAAAAAAAAABCRAAB/////x9MZWFybmluZyBmcm9tIGEgbG8jRkZGRkZGRkYucGRmAAAAAAAAAAAAAAAAAAAAAAAAAAAAAAAAAAAAAAAAAAD/////AAAAAAAAAAAAAAAAAAIAAwAACiBjdQAAAAAAAAAAAAAAAAAIQmlvU3RhdHMAAgB7LzpVc2VyczpsaWFtOkRvY3VtZW50czpQYXBlcnM6QmlvU3RhdHM6TGVhcm5pbmcgZnJvbSBhIGxvdC0gRW1waXJpY2FsIEJheWVzIGZvciBoaWdoLWRpbWVuc2lvbmFsIG1vZGVsLWJhc2VkIHByZWRpY3Rpb24ucGRmAAAOAKoAVABMAGUAYQByAG4AaQBuAGcAIABmAHIAbwBtACAAYQAgAGwAbwB0AC0AIABFAG0AcABpAHIAaQBjAGEAbAAgAEIAYQB5AGUAcwAgAGYAbwByACAAaABpAGcAaAAtAGQAaQBtAGUAbgBzAGkAbwBuAGEAbAAgAG0AbwBkAGUAbAAtAGIAYQBzAGUAZAAgAHAAcgBlAGQAaQBjAHQAaQBvAG4ALgBwAGQAZgAPABoADABNAGEAYwBpAG4AdABvAHMAaAAgAEgARAASAHlVc2Vycy9saWFtL0RvY3VtZW50cy9QYXBlcnMvQmlvU3RhdHMvTGVhcm5pbmcgZnJvbSBhIGxvdC0gRW1waXJpY2FsIEJheWVzIGZvciBoaWdoLWRpbWVuc2lvbmFsIG1vZGVsLWJhc2VkIHByZWRpY3Rpb24ucGRmAAATAAEvAAAVAAIAC///AAAACAANABoAJACRAAAAAAAAAgEAAAAAAAAABQAAAAAAAAAAAAAAAAAAAxE=}}

@article{tai2007incorporating,
	author = {Tai, Feng and Pan, Wei},
	date-added = {2019-10-15 17:08:05 -0400},
	date-modified = {2019-10-15 17:08:05 -0400},
	journal = {Bioinformatics},
	number = {14},
	pages = {1775--1782},
	publisher = {Oxford University Press},
	title = {Incorporating prior knowledge of predictors into penalized classifiers with multiple penalty terms},
	volume = {23},
	year = {2007},
	bdsk-file-1 = {YnBsaXN0MDDSAQIDBFxyZWxhdGl2ZVBhdGhZYWxpYXNEYXRhXxAwLi4vLi4vUGFwZXJzL0Jpb1N0YXRzL2dyb3VwX3BlbmFsX3ByaW9yX2luZm8ucGRmTxEBlAAAAAABlAACAAAMTWFjaW50b3NoIEhEAAAAAAAAAAAAAAAAAAAAAAAAAEJEAAH/////Gmdyb3VwX3BlbmFsX3ByaW9yX2luZm8ucGRmAAAAAAAAAAAAAAAAAAAAAAAAAAAAAAAAAAAAAAAAAAAAAAAAAP////8AAAAAAAAAAAAAAAAAAgADAAAKIGN1AAAAAAAAAAAAAAAAAAhCaW9TdGF0cwACAEEvOlVzZXJzOmxpYW06RG9jdW1lbnRzOlBhcGVyczpCaW9TdGF0czpncm91cF9wZW5hbF9wcmlvcl9pbmZvLnBkZgAADgA2ABoAZwByAG8AdQBwAF8AcABlAG4AYQBsAF8AcAByAGkAbwByAF8AaQBuAGYAbwAuAHAAZABmAA8AGgAMAE0AYQBjAGkAbgB0AG8AcwBoACAASABEABIAP1VzZXJzL2xpYW0vRG9jdW1lbnRzL1BhcGVycy9CaW9TdGF0cy9ncm91cF9wZW5hbF9wcmlvcl9pbmZvLnBkZgAAEwABLwAAFQACAAv//wAAAAgADQAaACQAVwAAAAAAAAIBAAAAAAAAAAUAAAAAAAAAAAAAAAAAAAHv}}

@article{van2016better,
	author = {Van De Wiel, Mark A and Lien, Tonje G and Verlaat, Wina and van Wieringen, Wessel N and Wilting, Saskia M},
	date-added = {2019-10-15 16:14:56 -0400},
	date-modified = {2019-10-15 16:14:56 -0400},
	journal = {Statistics in Medicine},
	number = {3},
	pages = {368--381},
	publisher = {Wiley Online Library},
	title = {Better prediction by use of co-data: adaptive group-regularized ridge regression},
	volume = {35},
	year = {2016},
	bdsk-file-1 = {YnBsaXN0MDDSAQIDBFxyZWxhdGl2ZVBhdGhZYWxpYXNEYXRhXxAtLi4vLi4vUGFwZXJzL0Jpb1N0YXRzL2dyb3VwLWxhc3NvX2NvLWRhdGEucGRmTxEBhgAAAAABhgACAAAMTWFjaW50b3NoIEhEAAAAAAAAAAAAAAAAAAAAAAAAAEJEAAH/////F2dyb3VwLWxhc3NvX2NvLWRhdGEucGRmAAAAAAAAAAAAAAAAAAAAAAAAAAAAAAAAAAAAAAAAAAAAAAAAAAAAAP////8AAAAAAAAAAAAAAAAAAgADAAAKIGN1AAAAAAAAAAAAAAAAAAhCaW9TdGF0cwACAD4vOlVzZXJzOmxpYW06RG9jdW1lbnRzOlBhcGVyczpCaW9TdGF0czpncm91cC1sYXNzb19jby1kYXRhLnBkZgAOADAAFwBnAHIAbwB1AHAALQBsAGEAcwBzAG8AXwBjAG8ALQBkAGEAdABhAC4AcABkAGYADwAaAAwATQBhAGMAaQBuAHQAbwBzAGgAIABIAEQAEgA8VXNlcnMvbGlhbS9Eb2N1bWVudHMvUGFwZXJzL0Jpb1N0YXRzL2dyb3VwLWxhc3NvX2NvLWRhdGEucGRmABMAAS8AABUAAgAL//8AAAAIAA0AGgAkAFQAAAAAAAACAQAAAAAAAAAFAAAAAAAAAAAAAAAAAAAB3g==}}

@article{carbonetto2012scalable,
	author = {Carbonetto, Peter and Stephens, Matthew and others},
	date-added = {2019-10-15 15:44:05 -0400},
	date-modified = {2019-10-15 15:44:05 -0400},
	journal = {Bayesian analysis},
	number = {1},
	pages = {73--108},
	publisher = {International Society for Bayesian Analysis},
	title = {Scalable variational inference for Bayesian variable selection in regression, and its accuracy in genetic association studies},
	volume = {7},
	year = {2012},
	bdsk-file-1 = {YnBsaXN0MDDSAQIDBFxyZWxhdGl2ZVBhdGhZYWxpYXNEYXRhXxCBU2NhbGFibGUgVmFyaWF0aW9uYWwgSW5mZXJlbmNlIGZvciBCYXllc2lhbiBWYXJpYWJsZSBTZWxlY3Rpb24gaW4gUmVncmVzc2lvbiwgYW5kIEl0cyBBY2N1cmFjeSBpbiBHZW5ldGljIEFzc29jaWF0aW9uIFN0dWRpZXMucGRmTxEDOgAAAAADOgACAAAMTWFjaW50b3NoIEhEAAAAAAAAAAAAAAAAAAAAAAAAAEJEAAH/////H1NjYWxhYmxlIFZhcmlhdGlvbiNGRkZGRkZGRi5wZGYAAAAAAAAAAAAAAAAAAAAAAAAAAAAAAAAAAAAAAAAAAP////8AAAAAAAAAAAAAAAAAAQACAAAKIGN1AAAAAAAAAAAAAAAAAAhCaW9TdGF0cwACAK0vOlVzZXJzOnppa3VueWFuZzpEb2N1bWVudHM6UGFwZXJzOkJpb1N0YXRzOlNjYWxhYmxlIFZhcmlhdGlvbmFsIEluZmVyZW5jZSBmb3IgQmF5ZXNpYW4gVmFyaWFibGUgU2VsZWN0aW9uIGluIFJlZ3Jlc3Npb24sIGFuZCBJdHMgQWNjdXJhY3kgaW4gR2VuZXRpYyBBc3NvY2lhdGlvbiBTdHVkaWVzLnBkZgAADgEEAIEAUwBjAGEAbABhAGIAbABlACAAVgBhAHIAaQBhAHQAaQBvAG4AYQBsACAASQBuAGYAZQByAGUAbgBjAGUAIABmAG8AcgAgAEIAYQB5AGUAcwBpAGEAbgAgAFYAYQByAGkAYQBiAGwAZQAgAFMAZQBsAGUAYwB0AGkAbwBuACAAaQBuACAAUgBlAGcAcgBlAHMAcwBpAG8AbgAsACAAYQBuAGQAIABJAHQAcwAgAEEAYwBjAHUAcgBhAGMAeQAgAGkAbgAgAEcAZQBuAGUAdABpAGMAIABBAHMAcwBvAGMAaQBhAHQAaQBvAG4AIABTAHQAdQBkAGkAZQBzAC4AcABkAGYADwAaAAwATQBhAGMAaQBuAHQAbwBzAGgAIABIAEQAEgCrVXNlcnMvemlrdW55YW5nL0RvY3VtZW50cy9QYXBlcnMvQmlvU3RhdHMvU2NhbGFibGUgVmFyaWF0aW9uYWwgSW5mZXJlbmNlIGZvciBCYXllc2lhbiBWYXJpYWJsZSBTZWxlY3Rpb24gaW4gUmVncmVzc2lvbiwgYW5kIEl0cyBBY2N1cmFjeSBpbiBHZW5ldGljIEFzc29jaWF0aW9uIFN0dWRpZXMucGRmAAATAAEvAAAVAAIAEP//AAAACAANABoAJACoAAAAAAAAAgEAAAAAAAAABQAAAAAAAAAAAAAAAAAAA+Y=}}

@article{lian2018weighted,
	author = {Lian, Lixiang and Liu, An and Lau, Vincent KN},
	date-added = {2019-10-15 13:38:27 -0400},
	date-modified = {2019-10-15 13:38:27 -0400},
	journal = {IEEE Transactions on Signal Processing},
	number = {6},
	pages = {1607--1618},
	publisher = {IEEE},
	title = {Weighted LASSO for sparse recovery with statistical prior support information},
	volume = {66},
	year = {2018},
	bdsk-file-1 = {YnBsaXN0MDDSAQIDBFxyZWxhdGl2ZVBhdGhZYWxpYXNEYXRhXxARcHJpb3Jfc3VwcG9ydC5wZGZPEQF6AAAAAAF6AAIAAAxNYWNpbnRvc2ggSEQAAAAAAAAAAAAAAAAAAAAAAAAAQkQAAf////8RcHJpb3Jfc3VwcG9ydC5wZGYAAAAAAAAAAAAAAAAAAAAAAAAAAAAAAAAAAAAAAAAAAAAAAAAAAAAAAAAAAAAA/////wAAAAAAAAAAAAAAAAABAAIAAAogY3UAAAAAAAAAAAAAAAAACEJpb1N0YXRzAAIAPS86VXNlcnM6emlrdW55YW5nOkRvY3VtZW50czpQYXBlcnM6QmlvU3RhdHM6cHJpb3Jfc3VwcG9ydC5wZGYAAA4AJAARAHAAcgBpAG8AcgBfAHMAdQBwAHAAbwByAHQALgBwAGQAZgAPABoADABNAGEAYwBpAG4AdABvAHMAaAAgAEgARAASADtVc2Vycy96aWt1bnlhbmcvRG9jdW1lbnRzL1BhcGVycy9CaW9TdGF0cy9wcmlvcl9zdXBwb3J0LnBkZgAAEwABLwAAFQACABD//wAAAAgADQAaACQAOAAAAAAAAAIBAAAAAAAAAAUAAAAAAAAAAAAAAAAAAAG2}}

@inproceedings{lee2010adaptive,
	author = {Lee, Seunghak and Zhu, Jun and Xing, Eric P},
	booktitle = {Advances in neural information processing systems},
	date-added = {2019-10-15 12:43:29 -0400},
	date-modified = {2019-10-15 12:43:29 -0400},
	pages = {1306--1314},
	title = {Adaptive multi-task lasso: with application to eQTL detection},
	year = {2010},
	bdsk-file-1 = {YnBsaXN0MDDSAQIDBFxyZWxhdGl2ZVBhdGhZYWxpYXNEYXRhXxBbLi4vLi4vUGFwZXJzL0Jpb1N0YXRzLzQwMzgtYWRhcHRpdmUtbXVsdGktdGFzay1sYXNzby13aXRoLWFwcGxpY2F0aW9uLXRvLWVxdGwtZGV0ZWN0aW9uLnBkZk8RAj4AAAAAAj4AAgAADE1hY2ludG9zaCBIRAAAAAAAAAAAAAAAAAAAAAAAAABCRAAB/////x80MDM4LWFkYXB0aXZlLW11bHQjRkZGRkZGRkYucGRmAAAAAAAAAAAAAAAAAAAAAAAAAAAAAAAAAAAAAAAAAAD/////AAAAAAAAAAAAAAAAAAIAAwAACiBjdQAAAAAAAAAAAAAAAAAIQmlvU3RhdHMAAgBsLzpVc2VyczpsaWFtOkRvY3VtZW50czpQYXBlcnM6QmlvU3RhdHM6NDAzOC1hZGFwdGl2ZS1tdWx0aS10YXNrLWxhc3NvLXdpdGgtYXBwbGljYXRpb24tdG8tZXF0bC1kZXRlY3Rpb24ucGRmAA4AjABFADQAMAAzADgALQBhAGQAYQBwAHQAaQB2AGUALQBtAHUAbAB0AGkALQB0AGEAcwBrAC0AbABhAHMAcwBvAC0AdwBpAHQAaAAtAGEAcABwAGwAaQBjAGEAdABpAG8AbgAtAHQAbwAtAGUAcQB0AGwALQBkAGUAdABlAGMAdABpAG8AbgAuAHAAZABmAA8AGgAMAE0AYQBjAGkAbgB0AG8AcwBoACAASABEABIAalVzZXJzL2xpYW0vRG9jdW1lbnRzL1BhcGVycy9CaW9TdGF0cy80MDM4LWFkYXB0aXZlLW11bHRpLXRhc2stbGFzc28td2l0aC1hcHBsaWNhdGlvbi10by1lcXRsLWRldGVjdGlvbi5wZGYAEwABLwAAFQACAAv//wAAAAgADQAaACQAggAAAAAAAAIBAAAAAAAAAAUAAAAAAAAAAAAAAAAAAALE}}

@article{friedman2010regularization,
	author = {Friedman, Jerome and Hastie, Trevor and Tibshirani, Rob},
	date-added = {2019-10-07 11:35:36 -0400},
	date-modified = {2019-10-07 11:35:36 -0400},
	journal = {Journal of statistical software},
	number = {1},
	pages = {1},
	publisher = {NIH Public Access},
	title = {Regularization paths for generalized linear models via coordinate descent},
	volume = {33},
	year = {2010},
	bdsk-file-1 = {YnBsaXN0MDDSAQIDBFxyZWxhdGl2ZVBhdGhZYWxpYXNEYXRhXxBjLi4vLi4vUGFwZXJzL0Jpb1N0YXRzL1JlZ3VsYXJpemF0aW9uIFBhdGhzIGZvciBHZW5lcmFsaXplZCBMaW5lYXIgTW9kZWxzIHZpYSBDb29yZGluYXRlIERlc2NlbnQucGRmTxECXgAAAAACXgACAAAMTWFjaW50b3NoIEhEAAAAAAAAAAAAAAAAAAAAAAAAAEJEAAH/////H1JlZ3VsYXJpemF0aW9uIFBhdCNGRkZGRkZGRi5wZGYAAAAAAAAAAAAAAAAAAAAAAAAAAAAAAAAAAAAAAAAAAP////8AAAAAAAAAAAAAAAAAAgADAAAKIGN1AAAAAAAAAAAAAAAAAAhCaW9TdGF0cwACAHQvOlVzZXJzOmxpYW06RG9jdW1lbnRzOlBhcGVyczpCaW9TdGF0czpSZWd1bGFyaXphdGlvbiBQYXRocyBmb3IgR2VuZXJhbGl6ZWQgTGluZWFyIE1vZGVscyB2aWEgQ29vcmRpbmF0ZSBEZXNjZW50LnBkZgAOAJwATQBSAGUAZwB1AGwAYQByAGkAegBhAHQAaQBvAG4AIABQAGEAdABoAHMAIABmAG8AcgAgAEcAZQBuAGUAcgBhAGwAaQB6AGUAZAAgAEwAaQBuAGUAYQByACAATQBvAGQAZQBsAHMAIAB2AGkAYQAgAEMAbwBvAHIAZABpAG4AYQB0AGUAIABEAGUAcwBjAGUAbgB0AC4AcABkAGYADwAaAAwATQBhAGMAaQBuAHQAbwBzAGgAIABIAEQAEgByVXNlcnMvbGlhbS9Eb2N1bWVudHMvUGFwZXJzL0Jpb1N0YXRzL1JlZ3VsYXJpemF0aW9uIFBhdGhzIGZvciBHZW5lcmFsaXplZCBMaW5lYXIgTW9kZWxzIHZpYSBDb29yZGluYXRlIERlc2NlbnQucGRmABMAAS8AABUAAgAL//8AAAAIAA0AGgAkAIoAAAAAAAACAQAAAAAAAAAFAAAAAAAAAAAAAAAAAAAC7A==}}

@article{shevade2003simple,
	author = {Shevade, Shirish Krishnaj and Keerthi, S Sathiya},
	date-added = {2019-10-01 09:40:11 -0400},
	date-modified = {2019-10-01 09:40:11 -0400},
	journal = {Bioinformatics},
	number = {17},
	pages = {2246--2253},
	publisher = {Oxford University Press},
	title = {A simple and efficient algorithm for gene selection using sparse logistic regression},
	volume = {19},
	year = {2003},
	bdsk-file-1 = {YnBsaXN0MDDSAQIDBFxyZWxhdGl2ZVBhdGhZYWxpYXNEYXRhXxBuLi4vLi4vUGFwZXJzL0Jpb1N0YXRzL0Egc2ltcGxlIGFuZCBlZmZpY2llbnQgYWxnb3JpdGhtIGZvciBnZW5lIHNlbGVjdGlvbiB1c2luZyBzcGFyc2UgbG9naXN0aWMgcmVncmVzc2lvbi5wZGZPEQKMAAAAAAKMAAIAAAxNYWNpbnRvc2ggSEQAAAAAAAAAAAAAAAAAAAAAAAAAQkQAAf////8fQSBzaW1wbGUgYW5kIGVmZmljI0ZGRkZGRkZGLnBkZgAAAAAAAAAAAAAAAAAAAAAAAAAAAAAAAAAAAAAAAAAA/////wAAAAAAAAAAAAAAAAACAAMAAAogY3UAAAAAAAAAAAAAAAAACEJpb1N0YXRzAAIAfy86VXNlcnM6bGlhbTpEb2N1bWVudHM6UGFwZXJzOkJpb1N0YXRzOkEgc2ltcGxlIGFuZCBlZmZpY2llbnQgYWxnb3JpdGhtIGZvciBnZW5lIHNlbGVjdGlvbiB1c2luZyBzcGFyc2UgbG9naXN0aWMgcmVncmVzc2lvbi5wZGYAAA4AsgBYAEEAIABzAGkAbQBwAGwAZQAgAGEAbgBkACAAZQBmAGYAaQBjAGkAZQBuAHQAIABhAGwAZwBvAHIAaQB0AGgAbQAgAGYAbwByACAAZwBlAG4AZQAgAHMAZQBsAGUAYwB0AGkAbwBuACAAdQBzAGkAbgBnACAAcwBwAGEAcgBzAGUAIABsAG8AZwBpAHMAdABpAGMAIAByAGUAZwByAGUAcwBzAGkAbwBuAC4AcABkAGYADwAaAAwATQBhAGMAaQBuAHQAbwBzAGgAIABIAEQAEgB9VXNlcnMvbGlhbS9Eb2N1bWVudHMvUGFwZXJzL0Jpb1N0YXRzL0Egc2ltcGxlIGFuZCBlZmZpY2llbnQgYWxnb3JpdGhtIGZvciBnZW5lIHNlbGVjdGlvbiB1c2luZyBzcGFyc2UgbG9naXN0aWMgcmVncmVzc2lvbi5wZGYAABMAAS8AABUAAgAL//8AAAAIAA0AGgAkAJUAAAAAAAACAQAAAAAAAAAFAAAAAAAAAAAAAAAAAAADJQ==}}

@article{zhao2016estimation,
	author = {Zhao, Weihua and Lian, Heng and Zhang, Riquan and Lai, Peng},
	date-added = {2019-10-01 09:37:42 -0400},
	date-modified = {2019-10-01 09:37:42 -0400},
	journal = {Computational Statistics \& Data Analysis},
	pages = {40--56},
	publisher = {Elsevier},
	title = {Estimation and variable selection for proportional response data with partially linear single-index models},
	volume = {96},
	year = {2016},
	bdsk-file-1 = {YnBsaXN0MDDSAQIDBFxyZWxhdGl2ZVBhdGhZYWxpYXNEYXRhXxA3Li4vLi4vUGFwZXJzL0Jpb1N0YXRzLzEtczIuMC1TMDE2Nzk0NzMxNTAwMjcyOC1tYWluLnBkZk8RAa4AAAAAAa4AAgAADE1hY2ludG9zaCBIRAAAAAAAAAAAAAAAAAAAAAAAAABCRAAB/////x8xLXMyLjAtUzAxNjc5NDczMTUjRkZGRkZGRkYucGRmAAAAAAAAAAAAAAAAAAAAAAAAAAAAAAAAAAAAAAAAAAD/////AAAAAAAAAAAAAAAAAAIAAwAACiBjdQAAAAAAAAAAAAAAAAAIQmlvU3RhdHMAAgBILzpVc2VyczpsaWFtOkRvY3VtZW50czpQYXBlcnM6QmlvU3RhdHM6MS1zMi4wLVMwMTY3OTQ3MzE1MDAyNzI4LW1haW4ucGRmAA4ARAAhADEALQBzADIALgAwAC0AUwAwADEANgA3ADkANAA3ADMAMQA1ADAAMAAyADcAMgA4AC0AbQBhAGkAbgAuAHAAZABmAA8AGgAMAE0AYQBjAGkAbgB0AG8AcwBoACAASABEABIARlVzZXJzL2xpYW0vRG9jdW1lbnRzL1BhcGVycy9CaW9TdGF0cy8xLXMyLjAtUzAxNjc5NDczMTUwMDI3MjgtbWFpbi5wZGYAEwABLwAAFQACAAv//wAAAAgADQAaACQAXgAAAAAAAAIBAAAAAAAAAAUAAAAAAAAAAAAAAAAAAAIQ}}

@article{stingo2011incorporating,
	author = {Stingo, Francesco C and Chen, Yian A and Tadesse, Mahlet G and Vannucci, Marina},
	date-added = {2019-09-24 12:42:30 -0400},
	date-modified = {2019-09-24 12:42:30 -0400},
	journal = {The annals of applied statistics},
	number = {3},
	publisher = {NIH Public Access},
	title = {Incorporating biological information into linear models: A Bayesian approach to the selection of pathways and genes},
	volume = {5},
	year = {2011},
	bdsk-file-1 = {YnBsaXN0MDDSAQIDBFxyZWxhdGl2ZVBhdGhZYWxpYXNEYXRhXxB3SW5jb3Jwb3JhdGluZyBiaW9sb2dpY2FsIGluZm9ybWF0aW9uIGludG8gbGluZWFyIG1vZGVscy0gQSBCYXllc2lhbiBhcHByb2FjaCB0byB0aGUgc2VsZWN0aW9uIG9mIHBhdGh3YXlzIGFuZCBnZW5lcy5wZGZPEQMSAAAAAAMSAAIAAAxNYWNpbnRvc2ggSEQAAAAAAAAAAAAAAAAAAAAAAAAAQkQAAf////8fSW5jb3Jwb3JhdGluZyBiaW9sI0ZGRkZGRkZGLnBkZgAAAAAAAAAAAAAAAAAAAAAAAAAAAAAAAAAAAAAAAAAA/////wAAAAAAAAAAAAAAAAABAAIAAAogY3UAAAAAAAAAAAAAAAAACEJpb1N0YXRzAAIAoy86VXNlcnM6emlrdW55YW5nOkRvY3VtZW50czpQYXBlcnM6QmlvU3RhdHM6SW5jb3Jwb3JhdGluZyBiaW9sb2dpY2FsIGluZm9ybWF0aW9uIGludG8gbGluZWFyIG1vZGVscy0gQSBCYXllc2lhbiBhcHByb2FjaCB0byB0aGUgc2VsZWN0aW9uIG9mIHBhdGh3YXlzIGFuZCBnZW5lcy5wZGYAAA4A8AB3AEkAbgBjAG8AcgBwAG8AcgBhAHQAaQBuAGcAIABiAGkAbwBsAG8AZwBpAGMAYQBsACAAaQBuAGYAbwByAG0AYQB0AGkAbwBuACAAaQBuAHQAbwAgAGwAaQBuAGUAYQByACAAbQBvAGQAZQBsAHMALQAgAEEAIABCAGEAeQBlAHMAaQBhAG4AIABhAHAAcAByAG8AYQBjAGgAIAB0AG8AIAB0AGgAZQAgAHMAZQBsAGUAYwB0AGkAbwBuACAAbwBmACAAcABhAHQAaAB3AGEAeQBzACAAYQBuAGQAIABnAGUAbgBlAHMALgBwAGQAZgAPABoADABNAGEAYwBpAG4AdABvAHMAaAAgAEgARAASAKFVc2Vycy96aWt1bnlhbmcvRG9jdW1lbnRzL1BhcGVycy9CaW9TdGF0cy9JbmNvcnBvcmF0aW5nIGJpb2xvZ2ljYWwgaW5mb3JtYXRpb24gaW50byBsaW5lYXIgbW9kZWxzLSBBIEJheWVzaWFuIGFwcHJvYWNoIHRvIHRoZSBzZWxlY3Rpb24gb2YgcGF0aHdheXMgYW5kIGdlbmVzLnBkZgAAEwABLwAAFQACABD//wAAAAgADQAaACQAngAAAAAAAAIBAAAAAAAAAAUAAAAAAAAAAAAAAAAAAAO0}}

@article{zou2006adaptive,
	author = {Zou, Hui},
	date-added = {2019-09-24 12:31:54 -0400},
	date-modified = {2019-09-24 12:31:54 -0400},
	journal = {Journal of the American statistical association},
	number = {476},
	pages = {1418--1429},
	publisher = {Taylor \& Francis},
	title = {The adaptive lasso and its oracle properties},
	volume = {101},
	year = {2006},
	bdsk-file-1 = {YnBsaXN0MDDSAQIDBFxyZWxhdGl2ZVBhdGhZYWxpYXNEYXRhXxBGLi4vLi4vUGFwZXJzL0Jpb1N0YXRzL1RoZSBBZGFwdGl2ZSBMYXNzbyBhbmQgSXRzIE9yYWNsZSBQcm9wZXJ0aWVzLnBkZk8RAewAAAAAAewAAgAADE1hY2ludG9zaCBIRAAAAAAAAAAAAAAAAAAAAAAAAABCRAAB/////x9UaGUgQWRhcHRpdmUgTGFzc28jRkZGRkZGRkYucGRmAAAAAAAAAAAAAAAAAAAAAAAAAAAAAAAAAAAAAAAAAAD/////AAAAAAAAAAAAAAAAAAIAAwAACiBjdQAAAAAAAAAAAAAAAAAIQmlvU3RhdHMAAgBXLzpVc2VyczpsaWFtOkRvY3VtZW50czpQYXBlcnM6QmlvU3RhdHM6VGhlIEFkYXB0aXZlIExhc3NvIGFuZCBJdHMgT3JhY2xlIFByb3BlcnRpZXMucGRmAAAOAGIAMABUAGgAZQAgAEEAZABhAHAAdABpAHYAZQAgAEwAYQBzAHMAbwAgAGEAbgBkACAASQB0AHMAIABPAHIAYQBjAGwAZQAgAFAAcgBvAHAAZQByAHQAaQBlAHMALgBwAGQAZgAPABoADABNAGEAYwBpAG4AdABvAHMAaAAgAEgARAASAFVVc2Vycy9saWFtL0RvY3VtZW50cy9QYXBlcnMvQmlvU3RhdHMvVGhlIEFkYXB0aXZlIExhc3NvIGFuZCBJdHMgT3JhY2xlIFByb3BlcnRpZXMucGRmAAATAAEvAAAVAAIAC///AAAACAANABoAJABtAAAAAAAAAgEAAAAAAAAABQAAAAAAAAAAAAAAAAAAAl0=}}

@article{polson2013bayesian,
	author = {Polson, Nicholas G and Scott, James G and Windle, Jesse},
	date-added = {2019-09-24 12:19:20 -0400},
	date-modified = {2019-09-24 12:19:20 -0400},
	journal = {Journal of the American statistical Association},
	number = {504},
	pages = {1339--1349},
	publisher = {Taylor \& Francis},
	title = {Bayesian inference for logistic models using P{\'o}lya--Gamma latent variables},
	volume = {108},
	year = {2013},
	bdsk-file-1 = {YnBsaXN0MDDSAQIDBFxyZWxhdGl2ZVBhdGhZYWxpYXNEYXRhXxBjLi4vLi4vUGFwZXJzL0Jpb1N0YXRzL0JheWVzaWFuIEluZmVyZW5jZSBmb3IgTG9naXN0aWMgTW9kZWxzIFVzaW5nIFAgbHlhIEdhbW1hIExhdGVudCBWYXJpYWJsZXMucGRmTxECXgAAAAACXgACAAAMTWFjaW50b3NoIEhEAAAAAAAAAAAAAAAAAAAAAAAAAEJEAAH/////H0JheWVzaWFuIEluZmVyZW5jZSNGRkZGRkZGRi5wZGYAAAAAAAAAAAAAAAAAAAAAAAAAAAAAAAAAAAAAAAAAAP////8AAAAAAAAAAAAAAAAAAgADAAAKIGN1AAAAAAAAAAAAAAAAAAhCaW9TdGF0cwACAHQvOlVzZXJzOmxpYW06RG9jdW1lbnRzOlBhcGVyczpCaW9TdGF0czpCYXllc2lhbiBJbmZlcmVuY2UgZm9yIExvZ2lzdGljIE1vZGVscyBVc2luZyBQIGx5YSBHYW1tYSBMYXRlbnQgVmFyaWFibGVzLnBkZgAOAJwATQBCAGEAeQBlAHMAaQBhAG4AIABJAG4AZgBlAHIAZQBuAGMAZQAgAGYAbwByACAATABvAGcAaQBzAHQAaQBjACAATQBvAGQAZQBsAHMAIABVAHMAaQBuAGcAIABQACAAbAB5AGEAIABHAGEAbQBtAGEAIABMAGEAdABlAG4AdAAgAFYAYQByAGkAYQBiAGwAZQBzAC4AcABkAGYADwAaAAwATQBhAGMAaQBuAHQAbwBzAGgAIABIAEQAEgByVXNlcnMvbGlhbS9Eb2N1bWVudHMvUGFwZXJzL0Jpb1N0YXRzL0JheWVzaWFuIEluZmVyZW5jZSBmb3IgTG9naXN0aWMgTW9kZWxzIFVzaW5nIFAgbHlhIEdhbW1hIExhdGVudCBWYXJpYWJsZXMucGRmABMAAS8AABUAAgAL//8AAAAIAA0AGgAkAIoAAAAAAAACAQAAAAAAAAAFAAAAAAAAAAAAAAAAAAAC7A==}}

@article{ickstadt2018toward,
	author = {Ickstadt, Katja and Sch{\"a}fer, Martin and Zucknick, Manuela},
	date-added = {2019-09-24 10:46:50 -0400},
	date-modified = {2019-09-24 10:46:50 -0400},
	journal = {Annual Review of Statistics and Its Application},
	pages = {141--167},
	publisher = {Annual Reviews},
	title = {Toward integrative Bayesian analysis in molecular biology},
	volume = {5},
	year = {2018},
	bdsk-file-1 = {YnBsaXN0MDDSAQIDBFxyZWxhdGl2ZVBhdGhZYWxpYXNEYXRhXxBTLi4vLi4vUGFwZXJzL0Jpb1N0YXRzL1Rvd2FyZCBJbnRlZ3JhdGl2ZSBCYXllc2lhbiBBbmFseXNpcyBpbiBNb2xlY3VsYXIgQmlvbG9neS5wZGZPEQIeAAAAAAIeAAIAAAxNYWNpbnRvc2ggSEQAAAAAAAAAAAAAAAAAAAAAAAAAQkQAAf////8fVG93YXJkIEludGVncmF0aXZlI0ZGRkZGRkZGLnBkZgAAAAAAAAAAAAAAAAAAAAAAAAAAAAAAAAAAAAAAAAAA/////wAAAAAAAAAAAAAAAAACAAMAAAogY3UAAAAAAAAAAAAAAAAACEJpb1N0YXRzAAIAZC86VXNlcnM6bGlhbTpEb2N1bWVudHM6UGFwZXJzOkJpb1N0YXRzOlRvd2FyZCBJbnRlZ3JhdGl2ZSBCYXllc2lhbiBBbmFseXNpcyBpbiBNb2xlY3VsYXIgQmlvbG9neS5wZGYADgB8AD0AVABvAHcAYQByAGQAIABJAG4AdABlAGcAcgBhAHQAaQB2AGUAIABCAGEAeQBlAHMAaQBhAG4AIABBAG4AYQBsAHkAcwBpAHMAIABpAG4AIABNAG8AbABlAGMAdQBsAGEAcgAgAEIAaQBvAGwAbwBnAHkALgBwAGQAZgAPABoADABNAGEAYwBpAG4AdABvAHMAaAAgAEgARAASAGJVc2Vycy9saWFtL0RvY3VtZW50cy9QYXBlcnMvQmlvU3RhdHMvVG93YXJkIEludGVncmF0aXZlIEJheWVzaWFuIEFuYWx5c2lzIGluIE1vbGVjdWxhciBCaW9sb2d5LnBkZgATAAEvAAAVAAIAC///AAAACAANABoAJAB6AAAAAAAAAgEAAAAAAAAABQAAAAAAAAAAAAAAAAAAApw=}}

@article{rovckova2014emvs,
	author = {Ro{\v{c}}kov{\'a}, Veronika and George, Edward I},
	date-added = {2019-09-23 12:23:49 -0400},
	date-modified = {2019-09-23 12:23:49 -0400},
	journal = {Journal of the American Statistical Association},
	number = {506},
	pages = {828--846},
	publisher = {Taylor \& Francis},
	title = {EMVS: The EM approach to Bayesian variable selection},
	volume = {109},
	year = {2014},
	bdsk-file-1 = {YnBsaXN0MDDSAQIDBFxyZWxhdGl2ZVBhdGhZYWxpYXNEYXRhXxA3RU1WUyBUaGUgRU0gQXBwcm9hY2ggdG8gQmF5ZXNpYW4gVmFyaWFibGUgU2VsZWN0aW9uLnBkZk8RAhIAAAAAAhIAAgAADE1hY2ludG9zaCBIRAAAAAAAAAAAAAAAAAAAAAAAAABCRAAB/////x9FTVZTIFRoZSBFTSBBcHByb2EjRkZGRkZGRkYucGRmAAAAAAAAAAAAAAAAAAAAAAAAAAAAAAAAAAAAAAAAAAD/////AAAAAAAAAAAAAAAAAAEAAgAACiBjdQAAAAAAAAAAAAAAAAAIQmlvU3RhdHMAAgBjLzpVc2Vyczp6aWt1bnlhbmc6RG9jdW1lbnRzOlBhcGVyczpCaW9TdGF0czpFTVZTIFRoZSBFTSBBcHByb2FjaCB0byBCYXllc2lhbiBWYXJpYWJsZSBTZWxlY3Rpb24ucGRmAAAOAHAANwBFAE0AVgBTACAAVABoAGUAIABFAE0AIABBAHAAcAByAG8AYQBjAGgAIAB0AG8AIABCAGEAeQBlAHMAaQBhAG4AIABWAGEAcgBpAGEAYgBsAGUAIABTAGUAbABlAGMAdABpAG8AbgAuAHAAZABmAA8AGgAMAE0AYQBjAGkAbgB0AG8AcwBoACAASABEABIAYVVzZXJzL3ppa3VueWFuZy9Eb2N1bWVudHMvUGFwZXJzL0Jpb1N0YXRzL0VNVlMgVGhlIEVNIEFwcHJvYWNoIHRvIEJheWVzaWFuIFZhcmlhYmxlIFNlbGVjdGlvbi5wZGYAABMAAS8AABUAAgAQ//8AAAAIAA0AGgAkAF4AAAAAAAACAQAAAAAAAAAFAAAAAAAAAAAAAAAAAAACdA==}}

@article{wilson2010bayesian,
	author = {Wilson, Melanie A and Iversen, Edwin S and Clyde, Merlise A and Schmidler, Scott C and Schildkraut, Joellen M},
	date-added = {2019-09-23 12:23:20 -0400},
	date-modified = {2019-09-23 12:23:20 -0400},
	journal = {The annals of applied statistics},
	number = {3},
	pages = {1342},
	publisher = {NIH Public Access},
	title = {Bayesian model search and multilevel inference for SNP association studies},
	volume = {4},
	year = {2010},
	bdsk-file-1 = {YnBsaXN0MDDSAQIDBFxyZWxhdGl2ZVBhdGhZYWxpYXNEYXRhXxBPQkFZRVNJQU4gTU9ERUwgU0VBUkNIIEFORCBNVUxUSUxFVkVMIElORkVSRU5DRSAgRk9SIFNOUCBBU1NPQ0lBVElPTiBTVFVESUVTLnBkZk8RAnIAAAAAAnIAAgAADE1hY2ludG9zaCBIRAAAAAAAAAAAAAAAAAAAAAAAAABCRAAB/////x9CQVlFU0lBTiBNT0RFTCBTRUEjRkZGRkZGRkYucGRmAAAAAAAAAAAAAAAAAAAAAAAAAAAAAAAAAAAAAAAAAAD/////AAAAAAAAAAAAAAAAAAEAAgAACiBjdQAAAAAAAAAAAAAAAAAIQmlvU3RhdHMAAgB7LzpVc2Vyczp6aWt1bnlhbmc6RG9jdW1lbnRzOlBhcGVyczpCaW9TdGF0czpCQVlFU0lBTiBNT0RFTCBTRUFSQ0ggQU5EIE1VTFRJTEVWRUwgSU5GRVJFTkNFICBGT1IgU05QIEFTU09DSUFUSU9OIFNUVURJRVMucGRmAAAOAKAATwBCAEEAWQBFAFMASQBBAE4AIABNAE8ARABFAEwAIABTAEUAQQBSAEMASAAgAEEATgBEACAATQBVAEwAVABJAEwARQBWAEUATAAgAEkATgBGAEUAUgBFAE4AQwBFACAAIABGAE8AUgAgAFMATgBQACAAQQBTAFMATwBDAEkAQQBUAEkATwBOACAAUwBUAFUARABJAEUAUwAuAHAAZABmAA8AGgAMAE0AYQBjAGkAbgB0AG8AcwBoACAASABEABIAeVVzZXJzL3ppa3VueWFuZy9Eb2N1bWVudHMvUGFwZXJzL0Jpb1N0YXRzL0JBWUVTSUFOIE1PREVMIFNFQVJDSCBBTkQgTVVMVElMRVZFTCBJTkZFUkVOQ0UgIEZPUiBTTlAgQVNTT0NJQVRJT04gU1RVRElFUy5wZGYAABMAAS8AABUAAgAQ//8AAAAIAA0AGgAkAHYAAAAAAAACAQAAAAAAAAAFAAAAAAAAAAAAAAAAAAAC7A==}}

@article{quintana2013integrative,
	author = {Quintana, MA and Conti, DV},
	date-added = {2019-09-23 11:04:47 -0400},
	date-modified = {2019-09-23 11:04:47 -0400},
	journal = {Statistics in medicine},
	number = {28},
	pages = {4938--4953},
	publisher = {Wiley Online Library},
	title = {Integrative variable selection via Bayesian model uncertainty},
	volume = {32},
	year = {2013},
	bdsk-file-1 = {YnBsaXN0MDDSAQIDBFxyZWxhdGl2ZVBhdGhZYWxpYXNEYXRhXxAoLi4vLi4vUGFwZXJzL0Jpb1N0YXRzL1F1YW50aW5hIENvbnRpLnBkZk8RAXQAAAAAAXQAAgAADE1hY2ludG9zaCBIRAAAAAAAAAAAAAAAAAAAAAAAAABCRAAB/////xJRdWFudGluYSBDb250aS5wZGYAAAAAAAAAAAAAAAAAAAAAAAAAAAAAAAAAAAAAAAAAAAAAAAAAAAAAAAAAAAD/////AAAAAAAAAAAAAAAAAAIAAwAACiBjdQAAAAAAAAAAAAAAAAAIQmlvU3RhdHMAAgA5LzpVc2VyczpsaWFtOkRvY3VtZW50czpQYXBlcnM6QmlvU3RhdHM6UXVhbnRpbmEgQ29udGkucGRmAAAOACYAEgBRAHUAYQBuAHQAaQBuAGEAIABDAG8AbgB0AGkALgBwAGQAZgAPABoADABNAGEAYwBpAG4AdABvAHMAaAAgAEgARAASADdVc2Vycy9saWFtL0RvY3VtZW50cy9QYXBlcnMvQmlvU3RhdHMvUXVhbnRpbmEgQ29udGkucGRmAAATAAEvAAAVAAIAC///AAAACAANABoAJABPAAAAAAAAAgEAAAAAAAAABQAAAAAAAAAAAAAAAAAAAcc=}}

@article{richardson2016statistical,
	author = {Richardson, Sylvia and Tseng, George C and Sun, Wei},
	date-added = {2019-09-23 10:41:43 -0400},
	date-modified = {2019-09-23 10:41:43 -0400},
	publisher = {Annual Reviews},
	title = {Statistical methods in integrative genomics},
	year = {2016},
	bdsk-file-1 = {YnBsaXN0MDDSAQIDBFxyZWxhdGl2ZVBhdGhZYWxpYXNEYXRhXxAvU3RhdGlzdGljYWwgTWV0aG9kcyBpbiBJbnRlZ3JhdGl2ZSBHZW5vbWljcy5wZGZPEQHyAAAAAAHyAAIAAAxNYWNpbnRvc2ggSEQAAAAAAAAAAAAAAAAAAAAAAAAAQkQAAf////8fU3RhdGlzdGljYWwgTWV0aG9kI0ZGRkZGRkZGLnBkZgAAAAAAAAAAAAAAAAAAAAAAAAAAAAAAAAAAAAAAAAAA/////wAAAAAAAAAAAAAAAAABAAIAAAogY3UAAAAAAAAAAAAAAAAACEJpb1N0YXRzAAIAWy86VXNlcnM6emlrdW55YW5nOkRvY3VtZW50czpQYXBlcnM6QmlvU3RhdHM6U3RhdGlzdGljYWwgTWV0aG9kcyBpbiBJbnRlZ3JhdGl2ZSBHZW5vbWljcy5wZGYAAA4AYAAvAFMAdABhAHQAaQBzAHQAaQBjAGEAbAAgAE0AZQB0AGgAbwBkAHMAIABpAG4AIABJAG4AdABlAGcAcgBhAHQAaQB2AGUAIABHAGUAbgBvAG0AaQBjAHMALgBwAGQAZgAPABoADABNAGEAYwBpAG4AdABvAHMAaAAgAEgARAASAFlVc2Vycy96aWt1bnlhbmcvRG9jdW1lbnRzL1BhcGVycy9CaW9TdGF0cy9TdGF0aXN0aWNhbCBNZXRob2RzIGluIEludGVncmF0aXZlIEdlbm9taWNzLnBkZgAAEwABLwAAFQACABD//wAAAAgADQAaACQAVgAAAAAAAAIBAAAAAAAAAAUAAAAAAAAAAAAAAAAAAAJM}}

@article{park2008bayesian,
	author = {Park, Trevor and Casella, George},
	date-added = {2019-09-19 17:25:23 -0400},
	date-modified = {2019-09-19 17:25:23 -0400},
	journal = {Journal of the American Statistical Association},
	number = {482},
	pages = {681--686},
	publisher = {Taylor \& Francis},
	title = {The bayesian lasso},
	volume = {103},
	year = {2008},
	bdsk-file-1 = {YnBsaXN0MDDSAQIDBFxyZWxhdGl2ZVBhdGhZYWxpYXNEYXRhXxBJLi4vLi4vTGlicmFyeS9MQVNTTyBhbmQgQnllc2lhbiBMQVNTTy9wYXJrYW5kY2FzZWxsYV90aGViYXllc2lhbmxhc3NvLnBkZk8RAeYAAAAAAeYAAgAADE1hY2ludG9zaCBIRAAAAAAAAAAAAAAAAAAAAAAAAABCRAAB/////x9wYXJrYW5kY2FzZWxsYV90aGUjRkZGRkZGRkYucGRmAAAAAAAAAAAAAAAAAAAAAAAAAAAAAAAAAAAAAAAAAAD/////AAAAAAAAAAAAAAAAAAIAAwAACiBjdQAAAAAAAAAAAAAAAAAXTEFTU08gYW5kIEJ5ZXNpYW4gTEFTU08AAAIAWi86VXNlcnM6bGlhbTpEb2N1bWVudHM6TGlicmFyeTpMQVNTTyBhbmQgQnllc2lhbiBMQVNTTzpwYXJrYW5kY2FzZWxsYV90aGViYXllc2lhbmxhc3NvLnBkZgAOAEgAIwBwAGEAcgBrAGEAbgBkAGMAYQBzAGUAbABsAGEAXwB0AGgAZQBiAGEAeQBlAHMAaQBhAG4AbABhAHMAcwBvAC4AcABkAGYADwAaAAwATQBhAGMAaQBuAHQAbwBzAGgAIABIAEQAEgBYVXNlcnMvbGlhbS9Eb2N1bWVudHMvTGlicmFyeS9MQVNTTyBhbmQgQnllc2lhbiBMQVNTTy9wYXJrYW5kY2FzZWxsYV90aGViYXllc2lhbmxhc3NvLnBkZgATAAEvAAAVAAIAC///AAAACAANABoAJABwAAAAAAAAAgEAAAAAAAAABQAAAAAAAAAAAAAAAAAAAlo=}}

@article{jiang2016variable,
	author = {Jiang, Yuan and He, Yunxiao and Zhang, Heping},
	date-added = {2019-09-19 10:03:52 -0400},
	date-modified = {2019-09-19 10:03:52 -0400},
	journal = {Journal of the American Statistical Association},
	number = {513},
	pages = {355--376},
	publisher = {Taylor \& Francis},
	title = {Variable selection with prior information for generalized linear models via the prior lasso method},
	volume = {111},
	year = {2016},
	bdsk-file-1 = {YnBsaXN0MDDSAQIDBFxyZWxhdGl2ZVBhdGhZYWxpYXNEYXRhXxB0Li4vLi4vTGlicmFyeS9WYXJpYWJsZSBTZWxlY3Rpb24gV2l0aCBQcmlvciBJbmZvcm1hdGlvbiBmb3IgR2VuZXJhbGl6ZWQgTGluZWFyIE1vZGVscyB2aWEgdGhlIFByaW9yIExBU1NPIE1ldGhvZC5wZGZPEQK8AAAAAAK8AAIAAAxNYWNpbnRvc2ggSEQAAAAAAAAAAAAAAAAAAAAAAAAAQkQAAf////8fVmFyaWFibGUgU2VsZWN0aW9uI0ZGRkZGRkZGLnBkZgAAAAAAAAAAAAAAAAAAAAAAAAAAAAAAAAAAAAAAAAAA/////wAAAAAAAAAAAAAAAAACAAIAAAogY3UAAAAAAAAAAAAAAAAAB0xpYnJhcnkAAAIAii86VXNlcnM6emlrdW55YW5nOkRvY3VtZW50czpMaWJyYXJ5OlZhcmlhYmxlIFNlbGVjdGlvbiBXaXRoIFByaW9yIEluZm9ybWF0aW9uIGZvciBHZW5lcmFsaXplZCBMaW5lYXIgTW9kZWxzIHZpYSB0aGUgUHJpb3IgTEFTU08gTWV0aG9kLnBkZgAOAM4AZgBWAGEAcgBpAGEAYgBsAGUAIABTAGUAbABlAGMAdABpAG8AbgAgAFcAaQB0AGgAIABQAHIAaQBvAHIAIABJAG4AZgBvAHIAbQBhAHQAaQBvAG4AIABmAG8AcgAgAEcAZQBuAGUAcgBhAGwAaQB6AGUAZAAgAEwAaQBuAGUAYQByACAATQBvAGQAZQBsAHMAIAB2AGkAYQAgAHQAaABlACAAUAByAGkAbwByACAATABBAFMAUwBPACAATQBlAHQAaABvAGQALgBwAGQAZgAPABoADABNAGEAYwBpAG4AdABvAHMAaAAgAEgARAASAIhVc2Vycy96aWt1bnlhbmcvRG9jdW1lbnRzL0xpYnJhcnkvVmFyaWFibGUgU2VsZWN0aW9uIFdpdGggUHJpb3IgSW5mb3JtYXRpb24gZm9yIEdlbmVyYWxpemVkIExpbmVhciBNb2RlbHMgdmlhIHRoZSBQcmlvciBMQVNTTyBNZXRob2QucGRmABMAAS8AABUAAgAQ//8AAAAIAA0AGgAkAJsAAAAAAAACAQAAAAAAAAAFAAAAAAAAAAAAAAAAAAADWw==}}

@article{li2010bayesian,
	author = {Li, Qing and Lin, Nan and others},
	date-added = {2019-09-18 14:57:43 -0400},
	date-modified = {2019-09-18 14:57:43 -0400},
	journal = {Bayesian analysis},
	number = {1},
	pages = {151--170},
	publisher = {International Society for Bayesian Analysis},
	title = {The Bayesian elastic net},
	volume = {5},
	year = {2010},
	bdsk-file-1 = {YnBsaXN0MDDSAQIDBFxyZWxhdGl2ZVBhdGhZYWxpYXNEYXRhXxAqLi4vLi4vTGlicmFyeS9UaGUgQmF5ZXNpYW4gRWxhc3RpYyBOZXQucGRmTxEBjAAAAAABjAACAAAMTWFjaW50b3NoIEhEAAAAAAAAAAAAAAAAAAAAAAAAAEJEAAH/////HFRoZSBCYXllc2lhbiBFbGFzdGljIE5ldC5wZGYAAAAAAAAAAAAAAAAAAAAAAAAAAAAAAAAAAAAAAAAAAAAAAP////8AAAAAAAAAAAAAAAAAAgACAAAKIGN1AAAAAAAAAAAAAAAAAAdMaWJyYXJ5AAACADsvOlVzZXJzOmxpYW06RG9jdW1lbnRzOkxpYnJhcnk6VGhlIEJheWVzaWFuIEVsYXN0aWMgTmV0LnBkZgAADgA6ABwAVABoAGUAIABCAGEAeQBlAHMAaQBhAG4AIABFAGwAYQBzAHQAaQBjACAATgBlAHQALgBwAGQAZgAPABoADABNAGEAYwBpAG4AdABvAHMAaAAgAEgARAASADlVc2Vycy9saWFtL0RvY3VtZW50cy9MaWJyYXJ5L1RoZSBCYXllc2lhbiBFbGFzdGljIE5ldC5wZGYAABMAAS8AABUAAgAL//8AAAAIAA0AGgAkAFEAAAAAAAACAQAAAAAAAAAFAAAAAAAAAAAAAAAAAAAB4Q==}}

@article{backenroth2018fun,
	author = {Backenroth, Daniel and He, Zihuai and Kiryluk, Krzysztof and Boeva, Valentina and Pethukova, Lynn and Khurana, Ekta and Christiano, Angela and Buxbaum, Joseph D and Ionita-Laza, Iuliana},
	date-added = {2019-09-18 14:30:41 -0400},
	date-modified = {2019-09-18 14:30:41 -0400},
	journal = {The American Journal of Human Genetics},
	number = {5},
	pages = {920--942},
	publisher = {Elsevier},
	title = {FUN-LDA: A latent Dirichlet allocation model for predicting tissue-specific functional effects of noncoding variation: methods and applications},
	volume = {102},
	year = {2018},
	bdsk-file-1 = {YnBsaXN0MDDSAQIDBFxyZWxhdGl2ZVBhdGhZYWxpYXNEYXRhXxAhMS1zMi4wLVMwMDAyOTI5NzE4MzAxMTUwLW1haW4ucGRmTxEBugAAAAABugACAAAMTWFjaW50b3NoIEhEAAAAAAAAAAAAAAAAAAAAAAAAAEJEAAH/////HzEtczIuMC1TMDAwMjkyOTcxOCNGRkZGRkZGRi5wZGYAAAAAAAAAAAAAAAAAAAAAAAAAAAAAAAAAAAAAAAAAAP////8AAAAAAAAAAAAAAAAAAQACAAAKIGN1AAAAAAAAAAAAAAAAAAhCaW9TdGF0cwACAE0vOlVzZXJzOnppa3VueWFuZzpEb2N1bWVudHM6UGFwZXJzOkJpb1N0YXRzOjEtczIuMC1TMDAwMjkyOTcxODMwMTE1MC1tYWluLnBkZgAADgBEACEAMQAtAHMAMgAuADAALQBTADAAMAAwADIAOQAyADkANwAxADgAMwAwADEAMQA1ADAALQBtAGEAaQBuAC4AcABkAGYADwAaAAwATQBhAGMAaQBuAHQAbwBzAGgAIABIAEQAEgBLVXNlcnMvemlrdW55YW5nL0RvY3VtZW50cy9QYXBlcnMvQmlvU3RhdHMvMS1zMi4wLVMwMDAyOTI5NzE4MzAxMTUwLW1haW4ucGRmAAATAAEvAAAVAAIAEP//AAAACAANABoAJABIAAAAAAAAAgEAAAAAAAAABQAAAAAAAAAAAAAAAAAAAgY=}}

@article{he2018semi,
	author = {He, Zihuai and Liu, Linxi and Wang, Kai and Ionita-Laza, Iuliana},
	date-added = {2019-09-18 14:30:22 -0400},
	date-modified = {2019-09-18 14:30:22 -0400},
	journal = {Nature communications},
	number = {1},
	pages = {5199},
	publisher = {Nature Publishing Group},
	title = {A semi-supervised approach for predicting cell-type specific functional consequences of non-coding variation using MPRAs},
	volume = {9},
	year = {2018},
	bdsk-file-1 = {YnBsaXN0MDDSAQIDBFxyZWxhdGl2ZVBhdGhZYWxpYXNEYXRhXxB9QSBzZW1pLXN1cGVydmlzZWQgYXBwcm9hY2ggZm9yIHByZWRpY3RpbmcgY2VsbC10eXBlIHNwZWNpZmljIGZ1bmN0aW9uYWwgY29uc2VxdWVuY2VzIG9mIG5vbi1jb2RpbmcgdmFyaWF0aW9uIHVzaW5nIE1QUkFzIC5wZGZPEQMqAAAAAAMqAAIAAAxNYWNpbnRvc2ggSEQAAAAAAAAAAAAAAAAAAAAAAAAAQkQAAf////8fQSBzZW1pLXN1cGVydmlzZWQgI0ZGRkZGRkZGLnBkZgAAAAAAAAAAAAAAAAAAAAAAAAAAAAAAAAAAAAAAAAAA/////wAAAAAAAAAAAAAAAAABAAIAAAogY3UAAAAAAAAAAAAAAAAACEJpb1N0YXRzAAIAqS86VXNlcnM6emlrdW55YW5nOkRvY3VtZW50czpQYXBlcnM6QmlvU3RhdHM6QSBzZW1pLXN1cGVydmlzZWQgYXBwcm9hY2ggZm9yIHByZWRpY3RpbmcgY2VsbC10eXBlIHNwZWNpZmljIGZ1bmN0aW9uYWwgY29uc2VxdWVuY2VzIG9mIG5vbi1jb2RpbmcgdmFyaWF0aW9uIHVzaW5nIE1QUkFzIC5wZGYAAA4A/AB9AEEAIABzAGUAbQBpAC0AcwB1AHAAZQByAHYAaQBzAGUAZAAgAGEAcABwAHIAbwBhAGMAaAAgAGYAbwByACAAcAByAGUAZABpAGMAdABpAG4AZwAgAGMAZQBsAGwALQB0AHkAcABlACAAcwBwAGUAYwBpAGYAaQBjACAAZgB1AG4AYwB0AGkAbwBuAGEAbAAgAGMAbwBuAHMAZQBxAHUAZQBuAGMAZQBzACAAbwBmACAAbgBvAG4ALQBjAG8AZABpAG4AZwAgAHYAYQByAGkAYQB0AGkAbwBuACAAdQBzAGkAbgBnACAATQBQAFIAQQBzACAALgBwAGQAZgAPABoADABNAGEAYwBpAG4AdABvAHMAaAAgAEgARAASAKdVc2Vycy96aWt1bnlhbmcvRG9jdW1lbnRzL1BhcGVycy9CaW9TdGF0cy9BIHNlbWktc3VwZXJ2aXNlZCBhcHByb2FjaCBmb3IgcHJlZGljdGluZyBjZWxsLXR5cGUgc3BlY2lmaWMgZnVuY3Rpb25hbCBjb25zZXF1ZW5jZXMgb2Ygbm9uLWNvZGluZyB2YXJpYXRpb24gdXNpbmcgTVBSQXMgLnBkZgAAEwABLwAAFQACABD//wAAAAgADQAaACQApAAAAAAAAAIBAAAAAAAAAAUAAAAAAAAAAAAAAAAAAAPS}}
